1495009271,215203.000000000000,0.038800000000
1495009271,215362.000000000000,0.118900000000
1495009269,215513.000000000000,0.109900000000
1495009268,215513.000000000000,0.047000000000
1495009268,215507.000000000000,0.035000000000
1495009267,215515.000000000000,0.045000000000
1495009267,215368.000000000000,0.157700000000
1495009267,215515.000000000000,0.008900000000
1495009267,215508.000000000000,0.079000000000
1495009267,215507.000000000000,0.012100000000
1495009267,215507.000000000000,0.100000000000
1495009266,215507.000000000000,0.100000000000
1495009266,215507.000000000000,0.050000000000
1495009265,215507.000000000000,0.050000000000
1495009264,215507.000000000000,0.035000000000
1495009263,215507.000000000000,0.056000000000
1495009262,215507.000000000000,0.056000000000
1495009261,215504.000000000000,0.053000000000
1495009260,215504.000000000000,0.047000000000
1495009259,215505.000000000000,0.050000000000
1495009258,215506.000000000000,0.050000000000
1495009257,215504.000000000000,0.047000000000
1495009257,215504.000000000000,0.047000000000
1495009256,215504.000000000000,0.047000000000
1495009255,215506.000000000000,0.044000000000
1495009254,215506.000000000000,0.044000000000
1495009253,215507.000000000000,0.022000000000
1495009253,215412.000000000000,0.203100000000
1495009252,215412.000000000000,0.021000000000
1495009251,215508.000000000000,0.021000000000
1495009251,215388.000000000000,0.005100000000
1495009251,215509.000000000000,0.021000000000
1495009239,215322.000000000000,0.425700000000
1495009239,215323.000000000000,0.274300000000
1495009239,215361.000000000000,0.300000000000
1495009238,215525.000000000000,0.100000000000
1495009220,215389.000000000000,0.400000000000
1495009218,215359.000000000000,0.272700000000
1495009218,215360.000000000000,0.227300000000
1495009212,215551.000000000000,0.042666070000
1495009193,215273.000000000000,0.157700000000
1495009185,215271.000000000000,0.571100000000
1495009185,215275.000000000000,0.428900000000
1495009177,215464.000000000000,0.050000000000
1495009171,215213.000000000000,0.448052670000
1495009163,215419.000000000000,0.045190000000
1495009154,215212.000000000000,0.022210300000
1495009154,215280.000000000000,0.200000000000
1495009154,215337.000000000000,0.979700000000
1495009149,215278.000000000000,0.050000000000
1495009141,215649.000000000000,0.134930000000
1495009108,215204.000000000000,0.079294280000
1495009108,215413.000000000000,0.030000000000
1495009108,215607.000000000000,0.048405720000
1495009107,215607.000000000000,0.005700000000
1495009104,215650.000000000000,0.005369810000
1495009100,215607.000000000000,0.504632850000
1495009100,215608.000000000000,0.037367150000
1495009099,215608.000000000000,0.042632850000
1495009097,215608.000000000000,0.010000000000
1495009091,215608.000000000000,0.010000000000
1495009089,215651.000000000000,0.013000000000
1495009087,215608.000000000000,0.010000000000
1495009086,215608.000000000000,0.015300000000
1495009085,215608.000000000000,0.030500000000
1495009085,215608.000000000000,0.027000000000
1495009085,215608.000000000000,0.015400000000
1495009085,215618.000000000000,0.005700000000
1495009082,215618.000000000000,0.070300000000
1495009082,215618.000000000000,0.013000000000
1495009081,215619.000000000000,0.168400000000
1495009081,215618.000000000000,0.011000000000
1495009081,215617.000000000000,0.168400000000
1495009080,215618.000000000000,0.012000000000
1495009079,215618.000000000000,0.095700000000
1495009078,215616.000000000000,0.436450000000
1495009074,215608.000000000000,0.084600000000
1495009072,215699.000000000000,2.028924890000
1495009072,215698.000000000000,0.100000000000
1495009072,215698.000000000000,0.100000000000
1495009072,215693.000000000000,0.015400000000
1495009072,215652.000000000000,0.005600000000
1495009072,215651.000000000000,0.300000000000
1495009068,215607.000000000000,0.050079000000
1495009068,215608.000000000000,0.100000000000
1495009068,215608.000000000000,0.000048790000
1495009052,215675.000000000000,0.138380000000
1495009048,215608.000000000000,0.050600000000
1495009040,215607.000000000000,0.949351210000
1495009040,215608.000000000000,0.050648790000
1495009028,215608.000000000000,0.343014530000
1495009018,215608.000000000000,0.732030000000
1495009009,215608.000000000000,0.010000000000
1495009009,215608.000000000000,0.020500000000
1495009008,215608.000000000000,0.179266680000
1495009008,215608.000000000000,0.034900000000
1495009008,215758.000000000000,0.021335600000
1495009008,215608.000000000000,0.042500000000
1495008998,215608.000000000000,0.445340000000
1495008996,215608.000000000000,0.051300000000
1495008995,215608.000000000000,0.417800000000
1495008994,215608.000000000000,0.157700000000
1495008992,215608.000000000000,0.015000000000
1495008990,215607.000000000000,0.058500000000
1495008989,215607.000000000000,0.120000000000
1495008989,215607.000000000000,0.077100000000
1495008989,215607.000000000000,0.120000000000
1495008989,215607.000000000000,0.181242440000
1495008989,215605.000000000000,0.100000000000
1495008989,215604.000000000000,2.383788780000
1495008989,215603.000000000000,0.100000000000
1495008989,215603.000000000000,0.100000000000
1495008989,215602.000000000000,0.017000000000
1495008989,215601.000000000000,0.077100000000
1495008989,215599.000000000000,0.100000000000
1495008989,215589.000000000000,0.007100000000
1495008988,215539.000000000000,0.198000000000
1495008983,215539.000000000000,0.046540000000
1495008975,215538.000000000000,1.058043200000
1495008970,215537.000000000000,0.060070000000
1495008969,215537.000000000000,0.006460000000
1495008969,215537.000000000000,0.096500000000
1495008969,215538.000000000000,0.300000000000
1495008967,215538.000000000000,0.704860000000
1495008951,215538.000000000000,0.005200000000
1495008941,215537.000000000000,0.130600000000
1495008940,215537.000000000000,0.261100000000
1495008940,215537.000000000000,0.008200000000
1495008939,215537.000000000000,0.531530000000
1495008939,215548.000000000000,0.014770000000
1495008935,215238.000000000000,0.172130110000
1495008935,215394.000000000000,0.030000000000
1495008935,215536.000000000000,1.378869890000
1495008935,215538.000000000000,0.300000000000
1495008935,215539.000000000000,1.119000000000
1495008934,215537.000000000000,0.023954830000
1495008931,215536.000000000000,1.977930110000
1495008931,215542.000000000000,0.007299890000
1495008931,215552.000000000000,0.014770000000
1495008930,215542.000000000000,0.005224540000
1495008926,215542.000000000000,0.300000000000
1495008924,215542.000000000000,1.102562500000
1495008924,215587.000000000000,0.005515170000
1495008915,215542.000000000000,0.011684970000
1495008915,215543.000000000000,0.094487520000
1495008912,215543.000000000000,0.005512480000
1495008908,215598.000000000000,0.050636630000
1495008908,215597.000000000000,0.012285640000
1495008906,215597.000000000000,0.005714360000
1495008903,215542.000000000000,0.073228100000
1495008903,215546.000000000000,0.014771900000
1495008901,215546.000000000000,0.321600000000
1495008901,215546.000000000000,0.321600000000
1495008901,215546.000000000000,0.054068100000
1495008900,215536.000000000000,0.643200000000
1495008899,215543.000000000000,0.060000000000
1495008898,215145.000000000000,34.582627590000
1495008898,215146.000000000000,7.967747610000
1495008898,215146.000000000000,0.500250000000
1495008898,215146.000000000000,1.058043200000
1495008898,215146.000000000000,0.300000000000
1495008898,215301.000000000000,1.000000000000
1495008898,215305.000000000000,1.947838820000
1495008898,215359.000000000000,1.539744390000
1495008898,215401.000000000000,1.000000000000
1495008898,215410.000000000000,0.030000000000
1495008898,215502.000000000000,1.120000000000
1495008898,215522.000000000000,0.806288390000
1495008898,215527.000000000000,0.100000000000
1495008898,215528.000000000000,1.500000000000
1495008898,215529.000000000000,0.100000000000
1495008898,215540.000000000000,0.088000000000
1495008898,215541.000000000000,0.300000000000
1495008898,215542.000000000000,0.992400000000
1495008892,215551.000000000000,0.039000000000
1495008891,215597.000000000000,0.200000000000
1495008884,215598.000000000000,0.017000000000
1495008881,215598.000000000000,0.155509190000
1495008879,215595.000000000000,0.026178820000
1495008879,215540.000000000000,0.144448970000
1495008879,215540.000000000000,0.155551030000
1495008874,215598.000000000000,0.042658270000
1495008873,215599.000000000000,0.426716140000
1495008869,215733.000000000000,0.043918430000
1495008869,215695.000000000000,0.088600000000
1495008869,215655.000000000000,0.023000000000
1495008868,215524.000000000000,0.334600000000
1495008868,215602.000000000000,0.013000000000
1495008867,215602.000000000000,0.013000000000
1495008867,215522.000000000000,0.209400760000
1495008867,215527.000000000000,0.100000000000
1495008867,215541.000000000000,0.200000000000
1495008867,215542.000000000000,1.116300000000
1495008867,215600.000000000000,0.050000000000
1495008867,215600.000000000000,0.217000000000
1495008867,215601.000000000000,0.507299240000
1495008866,215601.000000000000,0.012000000000
1495008866,215734.000000000000,0.406713970000
1495008866,215733.000000000000,0.100000000000
1495008866,215719.000000000000,0.100000000000
1495008866,215679.000000000000,0.100000000000
1495008866,215670.000000000000,0.014000000000
1495008865,215601.000000000000,0.012000000000
1495008863,215601.000000000000,0.012500000000
1495008862,215601.000000000000,0.024900000000
1495008862,215601.000000000000,0.050000000000
1495008861,215601.000000000000,0.049900000000
1495008860,215601.000000000000,0.099700000000
1495008858,215601.000000000000,0.100000000000
1495008858,215601.000000000000,0.100000000000
1495008858,215601.000000000000,0.100000000000
1495008851,215601.000000000000,0.141200000000
1495008850,215601.000000000000,0.282300000000
1495008849,215601.000000000000,0.008200760000
1495008849,215602.000000000000,0.510099240000
1495008848,215602.000000000000,1.014800000000
1495008847,215602.000000000000,0.515300000000
1495008847,215603.000000000000,0.093000000000
1495008847,215604.000000000000,0.021700000000
1495008846,215603.000000000000,0.007000000000
1495008834,215602.000000000000,0.063600000000
1495008834,215603.000000000000,0.036400000000
1495008834,215603.000000000000,0.063600000000
1495008834,215604.000000000000,0.036400000000
1495008834,215604.000000000000,0.100000000000
1495008832,215730.000000000000,0.276750000000
1495008811,215601.000000000000,0.132541790000
1495008811,215602.000000000000,0.100000000000
1495008811,215613.000000000000,0.100000000000
1495008811,215614.000000000000,0.100000000000
1495008811,215615.000000000000,0.100000000000
1495008806,215543.000000000000,0.263658970000
1495008806,215566.000000000000,0.181066820000
1495008806,215598.000000000000,0.050000000000
1495008806,215600.000000000000,0.241674210000
1495008806,215601.000000000000,0.027500000000
1495008805,215600.000000000000,0.058325790000
1495008805,215600.000000000000,0.255900000000
1495008805,215600.000000000000,0.027500000000
1495008804,215600.000000000000,0.213358790000
1495008804,215600.000000000000,0.050000000000
1495008804,215600.000000000000,0.218000000000
1495008802,215600.000000000000,0.215000000000
1495008801,215600.000000000000,0.228200000000
1495008800,215599.000000000000,0.769439320000
1495008800,215600.000000000000,0.010700000000
1495008797,215600.000000000000,0.452330000000
1495008797,215599.000000000000,0.047670000000
1495008794,215599.000000000000,0.052330000000
1495008794,215599.000000000000,0.035670000000
1495008794,215598.000000000000,0.012000000000
1495008794,215598.000000000000,0.100000000000
1495008794,215598.000000000000,0.100000000000
1495008794,215598.000000000000,0.088000000000
1495008784,215599.000000000000,0.021500000000
1495008778,215590.000000000000,0.036800000000
1495008777,215590.000000000000,0.073600000000
1495008776,215590.000000000000,0.147200000000
1495008773,215590.000000000000,0.283873980000
1495008773,215588.000000000000,0.000026020000
1495008773,215588.000000000000,0.057300000000
1495008770,215588.000000000000,0.042673980000
1495008767,215587.000000000000,0.200000000000
1495008762,215522.000000000000,0.231100000000
1495008762,215525.000000000000,0.100000000000
1495008762,215526.000000000000,0.368900000000
1495008762,215527.000000000000,0.300000000000
1495008750,215528.000000000000,0.742000000000
1495008750,215529.000000000000,0.758000000000
1495008730,215526.000000000000,0.026970000000
1495008728,215523.000000000000,0.011680000000
1495008727,215525.000000000000,0.500000000000
1495008715,215588.000000000000,0.048000000000
1495008710,215599.000000000000,0.042830000000
1495008710,215599.000000000000,0.091000000000
1495008700,215599.000000000000,0.009000000000
1495008685,215600.000000000000,0.547778130000
1495008685,215599.000000000000,0.100500000000
1495008685,215598.000000000000,0.415400000000
1495008684,215599.000000000000,0.800900000000
1495008684,215598.000000000000,0.129100000000
1495008683,215541.000000000000,0.046620000000
1495008681,215597.000000000000,0.691800000000
1495008681,215597.000000000000,0.100000000000
1495008681,215596.000000000000,0.208200000000
1495008681,215596.000000000000,0.050000000000
1495008679,215599.000000000000,0.591900000000
1495008679,215598.000000000000,0.408100000000
1495008677,215563.000000000000,0.136600000000
1495008676,215600.000000000000,0.554800000000
1495008676,215599.000000000000,0.445200000000
1495008676,215626.000000000000,0.100000000000
1495008676,215636.000000000000,0.100000000000
1495008676,215638.000000000000,0.868273740000
1495008676,215639.000000000000,0.035100000000
1495008676,215652.000000000000,0.100000000000
1495008676,215656.000000000000,0.587900000000
1495008674,215655.000000000000,0.100000000000
1495008674,215655.000000000000,0.052363690000
1495008672,215654.000000000000,1.479362570000
1495008672,215654.000000000000,0.505737430000
1495008672,215655.000000000000,1.014900000000
1495008672,215655.000000000000,0.040000000000
1495008668,215648.000000000000,0.024963070000
1495008668,215700.000000000000,0.000036930000
1495008662,215700.000000000000,0.034500000000
1495008661,215700.000000000000,0.049600000000
1495008659,215700.000000000000,0.021963070000
1495008659,215700.000000000000,0.052900000000
1495008658,215771.000000000000,0.021319190000
1495008656,215700.000000000000,0.026000000000
1495008656,215700.000000000000,3.815000000000
1495008652,215639.000000000000,0.021600000000
1495008650,215639.000000000000,0.043300000000
1495008642,215698.000000000000,0.148864280000
1495008642,215697.000000000000,0.064300000000
1495008641,215628.000000000000,1.800000000000
1495008632,215612.000000000000,0.050000000000
1495008612,215767.000000000000,0.042632850000
1495008606,215769.000000000000,0.171265290000
1495008606,215768.000000000000,0.255100000000
1495008595,215800.000000000000,0.394068960000
1495008595,215800.000000000000,0.357726230000
1495008595,215797.000000000000,0.138000000000
1495008595,215773.000000000000,0.050000000000
1495008595,215772.000000000000,0.431000000000
1495008595,215555.000000000000,0.127700000000
1495008595,215564.000000000000,0.030000000000
1495008594,215771.000000000000,0.128200000000
1495008593,215771.000000000000,0.871800000000
1495008592,215771.000000000000,0.107452340000
1495008560,215775.000000000000,0.120561370000
1495008560,215600.000000000000,0.074038630000
1495008560,215600.000000000000,0.176400000000
1495008559,215600.000000000000,0.273900000000
1495008554,215522.000000000000,0.050000000000
1495008553,215521.000000000000,0.200000000000
1495008552,215778.000000000000,0.042634040000
1495008542,215789.000000000000,0.213164280000
1495008514,215799.000000000000,0.536310000000
1495008511,215797.000000000000,0.055409380000
1495008511,215796.000000000000,0.100000000000
1495008506,215798.000000000000,0.349489880000
1495008506,215798.000000000000,0.030000000000
1495008506,215795.000000000000,0.013000000000
1495008506,215645.000000000000,0.034000000000
1495008506,215600.000000000000,0.000002010000
1495008506,215506.000000000000,0.090651960000
1495008505,215600.000000000000,0.027700000000
1495008504,215600.000000000000,0.081600000000
1495008502,215600.000000000000,0.163200000000
1495008501,215600.000000000000,0.223300000000
1495008500,215600.000000000000,0.446500000000
1495008499,215600.000000000000,0.916300000000
1495008491,215517.000000000000,0.200000000000
1495008480,215643.000000000000,0.679490000000
1495008480,215642.000000000000,0.237900000000
1495008467,215469.000000000000,0.186420000000
1495008465,215648.000000000000,0.021316520000
1495008458,215462.000000000000,0.200262920000
1495008458,215650.000000000000,0.095500000000
1495008458,215649.000000000000,0.058900000000
1495008453,215677.000000000000,0.245019520000
1495008453,215676.000000000000,0.096200000000
1495008437,215800.000000000000,0.642273770000
1495008437,215800.000000000000,0.240081250000
1495008437,215795.000000000000,0.030000000000
1495008437,215723.000000000000,0.100000000000
1495008437,215700.000000000000,0.029200000000
1495008437,215693.000000000000,0.058000000000
1495008437,215691.000000000000,0.300000000000
1495008437,215690.000000000000,0.233600000000
1495008433,215419.000000000000,0.048550000000
1495008427,215375.000000000000,1.000000000000
1495008426,215694.000000000000,2.086946520000
1495008426,215692.000000000000,0.300000000000
1495008426,215691.000000000000,0.418700000000
1495008418,215562.000000000000,0.300000000000
1495008417,215452.000000000000,0.045986410000
1495008414,215305.000000000000,0.041500000000
1495008414,215306.000000000000,0.928500000000
1495008414,215459.000000000000,0.030000000000
1495008407,215562.000000000000,0.157700000000
1495008405,215562.000000000000,0.057700000000
1495008405,215563.000000000000,0.100000000000
1495008397,215562.000000000000,0.040000000000
1495008393,215700.000000000000,0.029200000000
1495008392,215700.000000000000,0.070800000000
1495008378,215798.000000000000,0.065686980000
1495008378,215636.000000000000,0.008386950000
1495008375,215395.000000000000,0.062160000000
1495008374,215799.000000000000,0.223805400000
1495008374,215798.000000000000,0.100000000000
1495008374,215720.000000000000,0.010000000000
1495008374,215719.000000000000,0.029000000000
1495008374,215719.000000000000,0.050000000000
1495008374,215712.000000000000,0.300000000000
1495008374,215711.000000000000,0.096900000000
1495008374,215393.000000000000,0.159844850000
1495008374,215542.000000000000,0.030000000000
1495008374,215626.000000000000,0.000055150000
1495008373,215713.000000000000,0.176928830000
1495008373,215712.000000000000,0.616000000000
1495008373,215626.000000000000,0.422200000000
1495008368,215639.000000000000,1.174264390000
1495008365,215633.000000000000,0.100000000000
1495008360,215703.000000000000,0.293600000000
1495008358,215719.000000000000,0.050000000000
1495008357,215719.000000000000,0.040000000000
1495008355,215720.000000000000,0.100000000000
1495008353,215719.000000000000,0.010000000000
1495008350,215719.000000000000,0.040000000000
1495008347,215715.000000000000,0.050000000000
1495008345,215799.000000000000,0.574426730000
1495008345,215798.000000000000,0.057000000000
1495008344,215709.000000000000,0.050000000000
1495008343,215799.000000000000,0.448213140000
1495008343,215798.000000000000,0.123313590000
1495008343,215797.000000000000,0.059900000000
1495008341,215798.000000000000,0.176686410000
1495008340,215703.000000000000,0.042773110000
1495008339,215701.000000000000,0.100000000000
1495008337,215700.000000000000,0.040000000000
1495008337,215800.000000000000,0.287217880000
1495008337,215799.000000000000,0.100000000000
1495008337,215799.000000000000,0.112782120000
1495008337,215702.000000000000,0.050000000000
1495008337,215799.000000000000,0.044917880000
1495008336,215709.000000000000,0.050000000000
1495008335,215703.000000000000,0.010000000000
1495008330,215709.000000000000,0.050000000000
1495008329,215707.000000000000,0.040000000000
1495008328,215706.000000000000,0.050000000000
1495008327,215704.000000000000,1.000000000000
1495008324,215700.000000000000,0.099000000000
1495008324,215700.000000000000,0.028500000000
1495008323,215706.000000000000,0.050000000000
1495008322,215706.000000000000,0.597500000000
1495008320,215769.000000000000,0.097710000000
1495008319,215703.000000000000,0.050000000000
1495008317,215701.000000000000,0.040000000000
1495008317,215769.000000000000,0.005493750000
1495008317,215701.000000000000,0.000006250000
1495008316,215700.000000000000,0.157700000000
1495008316,215701.000000000000,0.040000000000
1495008315,215800.000000000000,0.472700870000
1495008315,215770.000000000000,4.138809130000
1495008314,215699.000000000000,1.089893750000
1495008314,215701.000000000000,0.040006250000
1495008313,215770.000000000000,0.727639820000
1495008313,215767.000000000000,0.049000000000
1495008313,215703.000000000000,0.050000000000
1495008311,215701.000000000000,0.059993750000
1495008311,215702.000000000000,0.492806250000
1495008311,215702.000000000000,0.157700000000
1495008311,215702.000000000000,0.552800000000
1495008311,215702.000000000000,0.040000000000
1495008310,215702.000000000000,0.099000000000
1495008309,215767.000000000000,0.007120000000
1495008309,215703.000000000000,0.050000000000
1495008308,215702.000000000000,0.157693750000
1495008308,215731.000000000000,0.000006250000
1495008306,215731.000000000000,0.313400000000
1495008306,215702.000000000000,0.050000000000
1495008303,215702.000000000000,0.157700000000
1495008302,215702.000000000000,0.100000000000
1495008302,215702.000000000000,0.050000000000
1495008298,215700.000000000000,0.045100000000
1495008295,215700.000000000000,0.032000000000
1495008295,215700.000000000000,0.050000000000
1495008294,215700.000000000000,0.006652030000
1495008292,215765.000000000000,0.006586080000
1495008292,215700.000000000000,0.000013920000
1495008290,215700.000000000000,0.145500000000
1495008289,215699.000000000000,0.380000000000
1495008289,215699.000000000000,0.380000000000
1495008289,215699.000000000000,0.349000000000
1495008287,215697.000000000000,0.213583810000
1495008285,215700.000000000000,0.075903950000
1495008285,215700.000000000000,1.000000000000
1495008285,215700.000000000000,1.000000000000
1495008285,215656.000000000000,0.300000000000
1495008285,215655.000000000000,0.518000000000
1495008285,215654.000000000000,0.040000000000
1495008284,215500.000000000000,0.300000000000
1495008281,215657.000000000000,0.155400800000
1495008279,215658.000000000000,0.449697010000
1495008279,215632.000000000000,0.030000000000
1495008279,215600.000000000000,1.000000000000
1495008279,215580.000000000000,0.800000000000
1495008279,215579.000000000000,0.721802990000
1495008278,215579.000000000000,0.455897010000
1495008278,215500.000000000000,0.544102990000
1495008275,215500.000000000000,0.455897010000
1495008275,215450.000000000000,0.902080270000
1495008275,215450.000000000000,0.238100470000
1495008275,215449.000000000000,0.300000000000
1495008271,215450.000000000000,0.323340000000
1495008270,215450.000000000000,1.336479260000
1495008270,215450.000000000000,0.036558500000
1495008270,215449.000000000000,0.100000000000
1495008270,215449.000000000000,0.166427110000
1495008270,215448.000000000000,0.100000000000
1495008270,215376.000000000000,0.051430130000
1495008269,215376.000000000000,0.089790000000
1495008265,215375.000000000000,0.781433110000
1495008265,215370.000000000000,0.037154550000
1495008265,215369.000000000000,0.400000000000
1495008257,215370.000000000000,0.062845450000
1495008257,215350.000000000000,0.092700000000
1495008247,215350.000000000000,0.007300000000
1495008242,215369.000000000000,0.170870920000
1495008236,215366.000000000000,0.100000000000
1495008215,215295.000000000000,0.097700000000
1495008215,215296.000000000000,0.060000000000
1495008209,215296.000000000000,0.040000000000
1495008207,215295.000000000000,0.033000000000
1495008203,215295.000000000000,0.050000000000
1495008200,215295.000000000000,0.050000000000
1495008200,215295.000000000000,0.099000000000
1495008198,215295.000000000000,0.250000000000
1495008198,215296.000000000000,0.050000000000
1495008198,215296.000000000000,0.050000000000
1495008198,215295.000000000000,0.040000000000
1495008194,215295.000000000000,0.098160220000
1495008194,215296.000000000000,0.001839780000
1495008193,215296.000000000000,0.048160220000
1495008189,215296.000000000000,0.050000000000
1495008188,215295.000000000000,0.040000000000
1495008186,215295.000000000000,0.050000000000
1495008185,215295.000000000000,0.100000000000
1495008182,215295.000000000000,0.040000000000
1495008182,215295.000000000000,0.010000000000
1495008179,215295.000000000000,0.050000000000
1495008179,215295.000000000000,0.040000000000
1495008176,215376.000000000000,0.058779870000
1495008176,215300.000000000000,1.193044710000
1495008176,215300.000000000000,1.275114850000
1495008176,215300.000000000000,1.000000000000
1495008176,215300.000000000000,0.081224720000
1495008176,215299.000000000000,1.394335850000
1495008175,215299.000000000000,0.155547830000
1495008175,215299.000000000000,0.972116320000
1495008175,215299.000000000000,0.027883680000
1495008173,215299.000000000000,0.021116320000
1495008173,215298.000000000000,0.097432650000
1495008173,215295.000000000000,0.037000000000
1495008172,215294.000000000000,0.050000000000
1495008171,215294.000000000000,0.300000000000
1495008170,215294.000000000000,0.112000000000
1495008169,215294.000000000000,0.031000000000
1495008168,215294.000000000000,0.050000000000
1495008167,215294.000000000000,0.040000000000
1495008166,215298.000000000000,0.002567350000
1495008166,215296.000000000000,0.100000000000
1495008166,215295.000000000000,0.024510330000
1495008165,215294.000000000000,0.014500000000
1495008162,215295.000000000000,0.105505630000
1495008162,215202.000000000000,0.050000000000
1495008160,215295.000000000000,0.014500000000
1495008159,215202.000000000000,0.005133850000
1495008159,215295.000000000000,0.155484040000
1495008158,215201.000000000000,0.005151610000
1495008158,215201.000000000000,0.005700000000
1495008158,215202.000000000000,0.034300000000
1495008158,215202.000000000000,0.050000000000
1495008156,215294.000000000000,0.050000000000
1495008155,215293.000000000000,0.155485480000
1495008154,215201.000000000000,0.064100000000
1495008154,215202.000000000000,0.035900000000
1495008154,215202.000000000000,0.050000000000
1495008151,215201.000000000000,3.194000000000
1495008151,215202.000000000000,0.050000000000
1495008151,215202.000000000000,0.050000000000
1495008147,215201.000000000000,0.050000000000
1495008144,215201.000000000000,0.050000000000
1495008143,215201.000000000000,0.396000000000
1495008142,215295.000000000000,0.155551450000
1495008140,215201.000000000000,0.050000000000
1495008139,215202.000000000000,0.100000000000
1495008138,215201.000000000000,1.068000000000
1495008137,215201.000000000000,0.050000000000
1495008136,215201.000000000000,0.031000000000
1495008135,215201.000000000000,0.038000000000
1495008134,215201.000000000000,0.031000000000
1495008133,215201.000000000000,0.050000000000
1495008133,215200.000000000000,0.105338630000
1495008133,215199.000000000000,0.300000000000
1495008133,215147.000000000000,0.011000000000
1495008132,215147.000000000000,0.011000000000
1495008132,215200.000000000000,0.277661370000
1495008132,215200.000000000000,0.025000000000
1495008131,215200.000000000000,0.021000000000
1495008130,215200.000000000000,0.030000000000
1495008129,215200.000000000000,0.030000000000
1495008128,215200.000000000000,0.040000000000
1495008128,215200.000000000000,0.301540640000
1495008128,215201.000000000000,0.468459360000
1495008128,215201.000000000000,0.021000000000
1495008127,215201.000000000000,0.043000000000
1495008126,215201.000000000000,0.011000000000
1495008125,215201.000000000000,0.315976540000
1495008125,215201.000000000000,0.100000000000
1495008125,215201.000000000000,0.021000000000
1495008124,215201.000000000000,0.028000000000
1495008124,215201.000000000000,1.000000000000
1495008123,215200.000000000000,0.010000000000
1495008123,215200.000000000000,0.035000000000
1495008122,215289.000000000000,2.008435900000
1495008122,215200.000000000000,0.021000000000
1495008121,215200.000000000000,0.023000000000
1495008120,215200.000000000000,0.464700000000
1495008120,215204.000000000000,0.665300000000
1495008120,215202.000000000000,0.044700000000
1495008120,215200.000000000000,0.021000000000
1495008119,215200.000000000000,0.033000000000
1495008118,215200.000000000000,0.033000000000
1495008117,215202.000000000000,0.017000000000
1495008116,215200.000000000000,0.033000000000
1495008115,215200.000000000000,0.005300000000
1495008115,215202.000000000000,0.044700000000
1495008115,215201.000000000000,0.033000000000
1495008115,215200.000000000000,0.031500000000
1495008114,215201.000000000000,0.033000000000
1495008114,215200.000000000000,0.190300000000
1495008114,215201.000000000000,0.938700000000
1495008113,215201.000000000000,0.034000000000
1495008113,215201.000000000000,1.000000000000
1495008112,215201.000000000000,0.034000000000
1495008112,215200.000000000000,0.209600000000
1495008111,215200.000000000000,0.033000000000
1495008111,215200.000000000000,0.085500000000
1495008111,215201.000000000000,0.914500000000
1495008110,215152.000000000000,0.483300000000
1495008110,215153.000000000000,0.914500000000
1495008109,215150.000000000000,0.041600000000
1495008108,215299.000000000000,0.758067600000
1495008108,215299.000000000000,1.089700000000
1495008108,215298.000000000000,0.100000000000
1495008108,215200.000000000000,0.359712270000
1495008108,215199.000000000000,0.072520130000
1495008108,215199.000000000000,0.020000000000
1495008108,215198.000000000000,0.400000000000
1495008107,215146.000000000000,0.138000000000
1495008104,215146.000000000000,0.010000000000
1495008103,215146.000000000000,0.072500000000
1495008097,215145.000000000000,0.100000000000
1495008095,215199.000000000000,0.014400000000
1495008091,215148.000000000000,0.050000000000
1495008089,215199.000000000000,0.015000000000
1495008089,215148.000000000000,0.021000000000
1495008089,215200.000000000000,0.029900000000
1495008088,215148.000000000000,0.029000000000
1495008088,215200.000000000000,0.088200000000
1495008087,215148.000000000000,0.013400000000
1495008087,215148.000000000000,0.015000000000
1495008086,215200.000000000000,0.332187730000
1495008086,215198.000000000000,0.200000000000
1495008086,215147.000000000000,0.026000000000
1495008085,215146.000000000000,0.000300000000
1495008085,215147.000000000000,0.016700000000
1495008084,215146.000000000000,0.038000000000
1495008084,215146.000000000000,0.027400000000
1495008084,215147.000000000000,0.013400000000
1495008083,215197.000000000000,0.032040000000
1495008083,215146.000000000000,0.012000000000
1495008082,215146.000000000000,0.013000000000
1495008079,215145.000000000000,0.012000000000
1495008079,215145.000000000000,0.133500000000
1495008079,215146.000000000000,0.024200000000
1495008078,215146.000000000000,0.012000000000
1495008077,215145.000000000000,0.050000000000
1495008077,215200.000000000000,0.190000000000
1495008076,215147.000000000000,0.157700000000
1495008074,215146.000000000000,0.050000000000
1495008072,215145.000000000000,0.062300000000
1495008072,215146.000000000000,0.175000000000
1495008070,215145.000000000000,0.000449450000
1495008070,215146.000000000000,0.145550550000
1495008070,215146.000000000000,0.340000000000
1495008070,215146.000000000000,0.010449450000
1495008069,215145.000000000000,1.120000000000
1495008069,215000.000000000000,0.015000000000
1495008069,215000.000000000000,0.010000000000
1495008069,215000.000000000000,5.000000000000
1495008069,215000.000000000000,3.000000000000
1495008069,215000.000000000000,0.500000000000
1495008069,215000.000000000000,0.694029280000
1495008069,215000.000000000000,0.877802890000
1495008069,215000.000000000000,0.020000000000
1495008069,215000.000000000000,0.300000000000
1495008069,215000.000000000000,0.102255300000
1495008069,215000.000000000000,0.050000000000
1495008069,215000.000000000000,0.500000000000
1495008069,215000.000000000000,0.100000000000
1495008069,215000.000000000000,0.200000000000
1495008069,215000.000000000000,5.977176810000
1495008069,215000.000000000000,20.000000000000
1495008069,215000.000000000000,0.080000000000
1495008069,215000.000000000000,0.051696570000
1495008069,215000.000000000000,9.232623850000
1495008069,214993.000000000000,0.744621890000
1495008068,214993.000000000000,0.115378110000
1495008068,214992.000000000000,0.013000000000
1495008062,214960.000000000000,0.022000000000
1495008060,214961.000000000000,0.022000000000
1495008059,214961.000000000000,0.022000000000
1495008058,214992.000000000000,0.490803830000
1495008058,214991.000000000000,0.100000000000
1495008058,214988.000000000000,0.014000000000
1495008058,214987.000000000000,0.005100000000
1495008056,214961.000000000000,0.022000000000
1495008055,214961.000000000000,0.022000000000
1495008053,214960.000000000000,0.021000000000
1495008052,214960.000000000000,0.022000000000
1495008052,214961.000000000000,0.022000000000
1495008051,214961.000000000000,0.024000000000
1495008050,214961.000000000000,0.024000000000
1495008049,214961.000000000000,0.024000000000
1495008048,214960.000000000000,0.021000000000
1495008047,214961.000000000000,0.022000000000
1495008046,214960.000000000000,0.023000000000
1495008045,214960.000000000000,0.023000000000
1495008044,214960.000000000000,0.023000000000
1495008043,214960.000000000000,0.021000000000
1495008042,214960.000000000000,0.021000000000
1495008042,214961.000000000000,0.022000000000
1495008041,214960.000000000000,0.017000000000
1495008040,214961.000000000000,0.023000000000
1495008039,214960.000000000000,0.022000000000
1495008030,214960.000000000000,0.025000000000
1495008030,214960.000000000000,0.026000000000
1495008029,214960.000000000000,0.028000000000
1495008028,214960.000000000000,0.028000000000
1495008027,214960.000000000000,0.028000000000
1495008026,214960.000000000000,0.028000000000
1495008026,214960.000000000000,0.300000000000
1495008026,214960.000000000000,0.031000000000
1495008025,214960.000000000000,0.531000000000
1495008024,214960.000000000000,0.034000000000
1495008024,214960.000000000000,0.554000000000
1495008024,214960.000000000000,0.031000000000
1495008023,214960.000000000000,0.500000000000
1495008023,214960.000000000000,0.031000000000
1495008022,214990.000000000000,0.000409810000
1495008022,214960.000000000000,0.169000000000
1495008022,214960.000000000000,0.018000000000
1495008021,214960.000000000000,0.021000000000
1495008020,214960.000000000000,0.040000000000
1495008020,214960.000000000000,0.024000000000
1495008019,214960.000000000000,0.028000000000
1495008019,214960.000000000000,0.031000000000
1495008018,214960.000000000000,0.031000000000
1495008018,214960.000000000000,0.140000000000
1495008017,214961.000000000000,0.035000000000
1495008016,214961.000000000000,0.246000000000
1495008016,214960.000000000000,1.361180000000
1495008012,214931.000000000000,0.020000000000
1495007992,214992.000000000000,0.259000000000
1495007971,214915.000000000000,0.157700000000
1495007969,214993.000000000000,0.018500000000
1495007967,214998.000000000000,0.041525090000
1495007963,214995.000000000000,0.182199940000
1495007958,215000.000000000000,0.027929880000
1495007958,214999.000000000000,0.300000000000
1495007958,214997.000000000000,0.100000000000
1495007956,214910.000000000000,0.045986410000
1495007956,214950.000000000000,0.800000000000
1495007956,214951.000000000000,0.100000000000
1495007956,214953.000000000000,0.100000000000
1495007956,214954.000000000000,0.455000000000
1495007948,214998.000000000000,0.193343630000
1495007943,215000.000000000000,0.101650710000
1495007933,214952.000000000000,0.123989310000
1495007914,215000.000000000000,0.637795560000
1495007914,215000.000000000000,0.050000000000
1495007914,215000.000000000000,0.014760560000
1495007914,215000.000000000000,1.000000000000
1495007914,215000.000000000000,0.100000000000
1495007914,215000.000000000000,0.027441860000
1495007914,215000.000000000000,0.289638680000
1495007914,214999.000000000000,1.012400000000
1495007910,215000.000000000000,0.710361320000
1495007910,215000.000000000000,1.028638680000
1495007910,214998.000000000000,0.262000000000
1495007907,215000.000000000000,0.670000000000
1495007903,215000.000000000000,2.301361320000
1495007903,215000.000000000000,0.701638680000
1495007886,215000.000000000000,0.096826420000
1495007886,214999.000000000000,0.058724470000
1495007881,214999.000000000000,0.016600000000
1495007880,214999.000000000000,0.033100000000
1495007876,214999.000000000000,0.018600000000
1495007875,214999.000000000000,0.037300000000
1495007874,214999.000000000000,0.068400000000
1495007874,214999.000000000000,1.167275530000
1495007874,214998.000000000000,0.191200000000
1495007874,214996.000000000000,0.055660420000
1495007874,214997.000000000000,0.064339580000
1495007874,214998.000000000000,0.308800000000
1495007873,214997.000000000000,0.244460420000
1495007873,214997.000000000000,0.155539580000
1495007869,214987.000000000000,0.042000000000
1495007868,214997.000000000000,0.515797970000
1495007868,214989.000000000000,0.304223880000
1495007864,214981.000000000000,0.021000000000
1495007861,214989.000000000000,0.092000000000
1495007860,214989.000000000000,0.184000000000
1495007859,214989.000000000000,0.241500000000
1495007859,214988.000000000000,0.100000000000
1495007858,214981.000000000000,0.023000000000
1495007853,214903.000000000000,0.005014350000
1495007845,214980.000000000000,0.089000000000
1495007832,214989.000000000000,0.037700000000
1495007832,214988.000000000000,0.962300000000
1495007832,214891.000000000000,0.078040260000
1495007832,214891.000000000000,0.010979870000
1495007832,214891.000000000000,0.100000000000
1495007832,214891.000000000000,0.010979870000
1495007828,214988.000000000000,0.060955260000
1495007828,214989.000000000000,2.857428100000
1495007828,214988.000000000000,1.000000000000
1495007828,214988.000000000000,0.120000000000
1495007828,214987.000000000000,0.200000000000
1495007828,214985.000000000000,0.100000000000
1495007828,214930.000000000000,0.040309580000
1495007828,214900.000000000000,1.880942520000
1495007828,214900.000000000000,0.119057480000
1495007828,214900.000000000000,0.036493580000
1495007820,214900.000000000000,0.010800000000
1495007817,214900.000000000000,0.044386290000
1495007817,214899.000000000000,0.010979870000
1495007816,214900.000000000000,0.008320130000
1495007816,214899.000000000000,0.010979870000
1495007815,214899.000000000000,0.019300000000
1495007810,214899.000000000000,0.095900000000
1495007809,214899.000000000000,0.039780000000
1495007809,214899.000000000000,0.074520000000
1495007803,214891.000000000000,0.300000000000
1495007796,214899.000000000000,0.007780000000
1495007796,214893.000000000000,0.009000000000
1495007789,214816.000000000000,0.016666670000
1495007787,214899.000000000000,0.017700000000
1495007786,214897.000000000000,0.035400000000
1495007784,214890.000000000000,0.015000000000
1495007776,214899.000000000000,0.012900000000
1495007775,214899.000000000000,0.025800000000
1495007775,214899.000000000000,0.002796580000
1495007775,214882.000000000000,0.100000000000
1495007775,214860.000000000000,0.025000000000
1495007775,214860.000000000000,0.027700000000
1495007773,214860.000000000000,0.014100000000
1495007773,214860.000000000000,0.028200000000
1495007772,214846.000000000000,0.155517460000
1495007771,214846.000000000000,0.056400000000
1495007768,214856.000000000000,0.055510220000
1495007768,214856.000000000000,0.100000000000
1495007764,214800.000000000000,0.006034910000
1495007763,214800.000000000000,0.011000000000
1495007762,214800.000000000000,0.013000000000
1495007761,214800.000000000000,0.011000000000
1495007760,214800.000000000000,0.013000000000
1495007759,214800.000000000000,0.013000000000
1495007752,214731.000000000000,0.281700000000
1495007752,214732.000000000000,0.100000000000
1495007752,214744.000000000000,0.100000000000
1495007752,214746.000000000000,0.100000000000
1495007752,214790.000000000000,0.080000000000
1495007752,214790.000000000000,0.015000000000
1495007750,214800.000000000000,0.050000000000
1495007736,214800.000000000000,0.018200000000
1495007734,214800.000000000000,0.014000000000
1495007733,214800.000000000000,0.027900000000
1495007730,214800.000000000000,0.340100000000
1495007730,214800.000000000000,0.327543500000
1495007730,214799.000000000000,0.000056500000
1495007729,214799.000000000000,0.016943500000
1495007729,214799.000000000000,0.060456500000
1495007729,214798.000000000000,0.400000000000
1495007716,214799.000000000000,0.039543500000
1495007716,214799.000000000000,0.100000000000
1495007716,214788.000000000000,0.016000000000
1495007714,214745.000000000000,0.012180000000
1495007704,214745.000000000000,0.163156800000
1495007665,214739.000000000000,0.099000000000
1495007665,214742.000000000000,0.054000000000
1495007657,214793.000000000000,0.032833730000
1495007657,214790.000000000000,0.010000000000
1495007655,214744.000000000000,0.023000000000
1495007654,214742.000000000000,0.023000000000
1495007653,214746.000000000000,0.023000000000
1495007650,214745.000000000000,0.023000000000
1495007650,214781.000000000000,0.100000000000
1495007649,214744.000000000000,0.023000000000
1495007648,214742.000000000000,0.023000000000
1495007630,214733.000000000000,0.023530160000
1495007629,214783.000000000000,0.214173630000
1495007629,214730.000000000000,0.013000000000
1495007628,214733.000000000000,0.015000000000
1495007627,214791.000000000000,0.042832330000
1495007627,214791.000000000000,0.189820000000
1495007627,214781.000000000000,0.029200000000
1495007618,214791.000000000000,0.042838310000
1495007616,214733.000000000000,0.017129680000
1495007616,214733.000000000000,0.003870320000
1495007615,214793.000000000000,0.219760240000
1495007615,214767.000000000000,0.013000000000
1495007615,214734.000000000000,0.021000000000
1495007614,214734.000000000000,0.021000000000
1495007612,214761.000000000000,0.042830730000
1495007611,214733.000000000000,0.021000000000
1495007610,214733.000000000000,0.022000000000
1495007609,214736.000000000000,0.022000000000
1495007607,214793.000000000000,0.042836720000
1495007604,214733.000000000000,0.053129680000
1495007604,214762.000000000000,0.095800000000
1495007601,214734.000000000000,0.020000000000
1495007596,214767.000000000000,0.112555240000
1495007590,214797.000000000000,0.061386480000
1495007589,214780.000000000000,0.042834930000
1495007589,214705.000000000000,0.100000000000
1495007587,214787.000000000000,0.089519390000
1495007583,214799.000000000000,0.798293580000
1495007583,214780.000000000000,0.037617100000
1495007583,214716.000000000000,0.000014200000
1495007568,214716.000000000000,0.019800000000
1495007559,214682.000000000000,0.450060000000
1495007547,214670.000000000000,0.153587230000
1495007547,214674.000000000000,0.042592770000
1495007547,214675.000000000000,0.031200000000
1495007544,214715.000000000000,0.010100000000
1495007540,214674.000000000000,0.057407230000
1495007540,214675.000000000000,0.010400000000
1495007534,214714.000000000000,0.186103400000
1495007534,214713.000000000000,0.813896600000
1495007519,214659.000000000000,0.813896600000
1495007505,214716.000000000000,0.020200000000
1495007505,214716.000000000000,0.040300000000
1495007504,214716.000000000000,0.040300000000
1495007503,214716.000000000000,0.080500000000
1495007503,214716.000000000000,0.006900000000
1495007502,214716.000000000000,0.188300000000
1495007502,214645.000000000000,0.056320470000
1495007488,214740.000000000000,0.017000000000
1495007484,214611.000000000000,0.215075640000
1495007481,214779.000000000000,0.077096060000
1495007481,214747.000000000000,0.023000000000
1495007481,214701.000000000000,0.050000000000
1495007481,214700.000000000000,0.299963940000
1495007479,214700.000000000000,0.000036060000
1495007472,214700.000000000000,0.206100000000
1495007469,214701.000000000000,0.050000000000
1495007467,214743.000000000000,0.081400000000
1495007466,214701.000000000000,0.050000000000
1495007465,214700.000000000000,0.041600000000
1495007465,214701.000000000000,0.212600000000
1495007462,214701.000000000000,0.050000000000
1495007459,214701.000000000000,0.050000000000
1495007457,214701.000000000000,0.044900000000
1495007455,214701.000000000000,0.005100000000
1495007452,214700.000000000000,0.050000000000
1495007448,214701.000000000000,0.005186840000
1495007448,214701.000000000000,0.050000000000
1495007447,214778.000000000000,0.064284410000
1495007446,214701.000000000000,0.128505400000
1495007445,214701.000000000000,0.005000000000
1495007443,214700.000000000000,0.000063940000
1495007442,214699.000000000000,0.300000000000
1495007440,214700.000000000000,0.049936060000
1495007440,214673.000000000000,0.242063940000
1495007439,214673.000000000000,2.000000000000
1495007439,214673.000000000000,1.000000000000
1495007437,214673.000000000000,0.049000000000
1495007437,214673.000000000000,1.201040000000
1495007437,214661.000000000000,0.052000000000
1495007434,214644.000000000000,0.400000000000
1495007432,214673.000000000000,1.286253410000
1495007432,214670.000000000000,0.040000000000
1495007432,214667.000000000000,0.181707990000
1495007432,214660.000000000000,0.055000000000
1495007432,214660.000000000000,0.005000000000
1495007432,214659.000000000000,0.315400000000
1495007432,214645.000000000000,0.100000000000
1495007431,214589.000000000000,0.013000000000
1495007430,214589.000000000000,0.013000000000
1495007428,214589.000000000000,0.026000000000
1495007428,214589.000000000000,0.051000000000
1495007422,214647.000000000000,0.391800000000
1495007418,214648.000000000000,0.014000000000
1495007410,214555.000000000000,0.037700000000
1495007410,214558.000000000000,0.120000000000
1495007409,214673.000000000000,0.682700000000
1495007409,214672.000000000000,0.152500000000
1495007409,214671.000000000000,0.052800000000
1495007409,214649.000000000000,0.012000000000
1495007409,214639.000000000000,0.100000000000
1495007406,214552.000000000000,0.152500000000
1495007406,214553.000000000000,0.005200000000
1495007393,214650.000000000000,0.073700000000
1495007383,214654.000000000000,0.040727310000
1495007383,214653.000000000000,0.123600000000
1495007383,214640.000000000000,0.050000000000
1495007377,214653.000000000000,0.050000000000
1495007368,214673.000000000000,0.640374670000
1495007368,214648.000000000000,0.104025330000
1495007368,214647.000000000000,0.248600000000
1495007368,214625.000000000000,0.007000000000
1495007366,214625.000000000000,0.007000000000
1495007350,214648.000000000000,0.055200000000
1495007350,214647.000000000000,0.026000000000
1495007350,214626.000000000000,0.400000000000
1495007350,214607.000000000000,0.518800000000
1495007333,214648.000000000000,0.022522490000
1495007333,214600.000000000000,0.500000000000
1495007333,214598.000000000000,0.547942260000
1495007333,214588.000000000000,1.044400000000
1495007330,214456.000000000000,0.025083840000
1495007330,214456.000000000000,0.522858420000
1495007330,214459.000000000000,0.122874470000
1495007330,214461.000000000000,0.300000000000
1495007330,214462.000000000000,0.057100000000
1495007328,214589.000000000000,0.025714600000
1495007321,214471.000000000000,0.010260000000
1495007321,214472.000000000000,0.088300000000
1495007321,214599.000000000000,0.025900000000
1495007321,214587.000000000000,0.073400000000
1495007312,214514.000000000000,0.120000000000
1495007311,214515.000000000000,0.500000000000
1495007311,214515.000000000000,0.416600000000
1495007310,214514.000000000000,0.120000000000
1495007298,214514.000000000000,0.834292780000
1495007298,214514.000000000000,0.452520000000
1495007292,214498.000000000000,0.049300000000
1495007287,214500.000000000000,0.201300000000
1495007286,214512.000000000000,0.218400000000
1495007285,214513.000000000000,0.200000000000
1495007284,214515.000000000000,0.268800000000
1495007277,214443.000000000000,0.130700000000
1495007277,214443.000000000000,0.181620000000
1495007277,214443.000000000000,0.437000000000
1495007275,214456.000000000000,0.358600000000
1495007275,214457.000000000000,0.841400000000
1495007272,214453.000000000000,0.157700000000
1495007271,214673.000000000000,1.619930870000
1495007271,214670.000000000000,0.199965130000
1495007271,214668.000000000000,0.058000000000
1495007271,214666.000000000000,0.201200000000
1495007262,214665.000000000000,0.219810000000
1495007255,214673.000000000000,0.021661270000
1495007255,214672.000000000000,0.200000000000
1495007255,214669.000000000000,0.300000000000
1495007255,214668.000000000000,0.765100000000
1495007253,214431.000000000000,0.157700000000
1495007249,214673.000000000000,0.631175840000
1495007249,214487.000000000000,1.491000000000
1495007249,214463.000000000000,0.014000000000
1495007249,214462.000000000000,0.900000000000
1495007249,214461.000000000000,0.963824160000
1495007246,214462.000000000000,0.600000000000
1495007246,214462.000000000000,0.100000000000
1495007203,214472.000000000000,0.118800000000
1495007199,214478.000000000000,0.128681380000
1495007191,214486.000000000000,0.045000000000
1495007190,214441.000000000000,0.154521170000
1495007187,214488.000000000000,1.008800000000
1495007187,214489.000000000000,0.491200000000
1495007186,214440.000000000000,0.129140000000
1495007183,214480.000000000000,0.010000000000
1495007180,214481.000000000000,0.100000000000
1495007168,214492.000000000000,0.018000000000
1495007166,214432.000000000000,0.158077550000
1495007166,214435.000000000000,0.050000000000
1495007163,214673.000000000000,0.625800000000
1495007163,214570.000000000000,0.020000000000
1495007163,214570.000000000000,0.100000000000
1495007163,214560.000000000000,0.500000000000
1495007163,214560.000000000000,2.000000000000
1495007163,214550.000000000000,0.010000000000
1495007163,214530.000000000000,0.030000000000
1495007163,214520.000000000000,0.100000000000
1495007163,214520.000000000000,0.100000000000
1495007163,214500.000000000000,0.010000000000
1495007163,214498.000000000000,0.100000000000
1495007163,214497.000000000000,0.020000000000
1495007163,214495.000000000000,0.100000000000
1495007163,214493.000000000000,0.400000000000
1495007163,214492.000000000000,0.524200000000
1495007159,214430.000000000000,0.368200000000
1495007140,214434.000000000000,0.413200000000
1495007139,214434.000000000000,0.100800000000
1495007132,214429.000000000000,0.253400000000
1495007132,214429.000000000000,0.423300000000
1495007131,214434.000000000000,0.100000000000
1495007119,214435.000000000000,0.168640230000
1495007119,214451.000000000000,0.045900000000
1495007117,214447.000000000000,0.005000000000
1495007114,214437.000000000000,0.013200000000
1495007101,214466.000000000000,0.100000000000
1495007092,214476.000000000000,0.200000000000
1495007087,214444.000000000000,0.141794240000
1495007079,214444.000000000000,0.180000000000
1495007074,214444.000000000000,0.100000000000
1495007074,214444.000000000000,0.004205760000
1495007070,214445.000000000000,0.200000000000
1495007069,214445.000000000000,0.170000000000
1495007069,214486.000000000000,0.200000000000
1495007062,214482.000000000000,0.100000000000
1495007060,214445.000000000000,0.054100000000
1495007060,214446.000000000000,0.649000000000
1495007053,214483.000000000000,0.100000000000
1495007051,214476.000000000000,0.099000000000
1495007048,214482.000000000000,1.600000000000
1495007048,214482.000000000000,0.400000000000
1495007046,214444.000000000000,0.090780000000
1495007042,214484.000000000000,0.428922420000
1495007038,214485.000000000000,0.179239080000
1495007038,214485.000000000000,0.300000000000
1495007038,214444.000000000000,0.005014240000
1495007033,214485.000000000000,0.100000000000
1495007025,214491.000000000000,0.062200000000
1495007023,214490.000000000000,0.025000000000
1495006991,214490.000000000000,0.066200000000
1495006991,214489.000000000000,0.010400000000
1495006987,214492.000000000000,0.500000000000
1495006975,214499.000000000000,0.143986390000
1495006975,214498.000000000000,0.041900000000
1495006972,214428.000000000000,0.025000000000
1495006972,214372.000000000000,0.007500000000
1495006970,214499.000000000000,0.002704300000
1495006970,214498.000000000000,0.040200000000
1495006968,214427.000000000000,0.100000000000
1495006961,214372.000000000000,0.050000000000
1495006956,214428.000000000000,0.005007500000
1495006955,214372.000000000000,0.005000000000
1495006952,214428.000000000000,0.035300000000
1495006949,214429.000000000000,0.005007500000
1495006948,214372.000000000000,0.005000000000
1495006944,214429.000000000000,0.162747730000
1495006944,214428.000000000000,0.051792500000
1495006941,214428.000000000000,0.005007500000
1495006940,214372.000000000000,0.005000000000
1495006940,214429.000000000000,0.020100000000
1495006934,214430.000000000000,0.005007500000
1495006934,214397.000000000000,0.005000000000
1495006933,214396.000000000000,0.000092500000
1495006933,214396.000000000000,0.094900000000
1495006931,214392.000000000000,0.033500000000
1495006931,214390.000000000000,0.009992500000
1495006931,214389.000000000000,0.033500000000
1495006930,214370.000000000000,0.067000000000
1495006929,214370.000000000000,0.085100000000
1495006928,214390.000000000000,0.005007500000
1495006928,214370.000000000000,0.170100000000
1495006927,214370.000000000000,0.005000000000
1495006924,214371.000000000000,0.230000000000
1495006924,214372.000000000000,0.220000000000
1495006921,214386.000000000000,0.005007500000
1495006921,214370.000000000000,0.005000000000
1495006920,214370.000000000000,0.148000000000
1495006920,214370.000000000000,0.103500000000
1495006916,214396.000000000000,0.005007500000
1495006916,214370.000000000000,0.213700000000
1495006915,214370.000000000000,0.005000000000
1495006913,214370.000000000000,0.399000000000
1495006910,214370.000000000000,0.021460920000
1495006910,214370.000000000000,0.797900000000
1495006903,214355.000000000000,0.100000000000
1495006900,214477.000000000000,0.005007500000
1495006899,214356.000000000000,0.005000000000
1495006891,214510.000000000000,0.038200000000
1495006889,214514.000000000000,0.005007500000
1495006889,214352.000000000000,0.002072500000
1495006889,214355.000000000000,0.100000000000
1495006889,214400.000000000000,1.827870000000
1495006889,214401.000000000000,0.011750000000
1495006889,214404.000000000000,0.100000000000
1495006889,214406.000000000000,1.912707500000
1495006889,214422.000000000000,0.295000000000
1495006889,214423.000000000000,0.391400000000
1495006888,214422.000000000000,0.005000000000
1495006886,214420.000000000000,0.006200000000
1495006885,214416.000000000000,0.272485000000
1495006885,214416.000000000000,0.320000000000
1495006885,214416.000000000000,0.308607500000
1495006885,214417.000000000000,0.790300000000
1495006885,214418.000000000000,0.308607500000
1495006882,214519.000000000000,0.005007500000
1495006881,214413.000000000000,0.005000000000
1495006877,214519.000000000000,0.052300000000
1495006875,214405.000000000000,0.005000000000
1495006874,214519.000000000000,0.005007500000
1495006867,214519.000000000000,0.048992270000
1495006866,214420.000000000000,0.005000000000
1495006866,214519.000000000000,0.089860000000
1495006865,214519.000000000000,0.000007500000
1495006865,214510.000000000000,0.005000000000
1495006865,214510.000000000000,0.005000000000
1495006861,214510.000000000000,0.100000000000
1495006861,214510.000000000000,0.100000000000
1495006855,214401.000000000000,0.005000000000
1495006855,214401.000000000000,0.083250000000
1495006855,214401.000000000000,0.012900000000
1495006855,214562.000000000000,0.308607500000
1495006855,214561.000000000000,0.160000000000
1495006855,214560.000000000000,2.500000000000
1495006855,214559.000000000000,0.400000000000
1495006855,214558.000000000000,1.077200000000
1495006855,214510.000000000000,0.100000000000
1495006855,214510.000000000000,0.094992500000
1495006855,214510.000000000000,0.005007500000
1495006853,214400.000000000000,0.172130000000
1495006853,214401.000000000000,0.341330000000
1495006850,214401.000000000000,0.092600000000
1495006850,214401.000000000000,0.065100000000
1495006847,214358.000000000000,0.027500000000
1495006847,214359.000000000000,0.130200000000
1495006847,214618.000000000000,0.005007500000
1495006846,214468.000000000000,0.005000000000
1495006842,214626.000000000000,0.021460920000
1495006839,214353.000000000000,2.158670000000
1495006839,214354.000000000000,0.171600000000
1495006838,214630.000000000000,0.005007500000
1495006837,214353.000000000000,0.005000000000
1495006831,214632.000000000000,0.005007500000
1495006830,214356.000000000000,0.005000000000
1495006822,214636.000000000000,0.005007500000
1495006821,214352.000000000000,0.005000000000
1495006817,214352.000000000000,0.300000000000
1495006811,214775.000000000000,0.610505960000
1495006811,214770.000000000000,0.500000000000
1495006811,214700.000000000000,0.009600000000
1495006811,214700.000000000000,0.303704040000
1495006811,214691.000000000000,0.030000000000
1495006811,214652.000000000000,0.400000000000
1495006801,214659.000000000000,0.005007500000
1495006800,214307.000000000000,0.005000000000
1495006798,214700.000000000000,1.696295960000
1495006798,214696.000000000000,1.790000000000
1495006798,214695.000000000000,0.483700000000
1495006798,214557.000000000000,0.030000000000
1495006798,214400.000000000000,0.000004040000
1495006797,214400.000000000000,0.009995960000
1495006797,214400.000000000000,0.058004040000
1495006796,214400.000000000000,0.185707500000
1495006796,214399.000000000000,0.010000000000
1495006796,214398.000000000000,0.100000000000
1495006796,214398.000000000000,0.100000000000
1495006796,214396.000000000000,0.294992500000
1495006795,214396.000000000000,0.005007500000
1495006794,214311.000000000000,0.005000000000
1495006792,214396.000000000000,0.100000000000
1495006788,214397.000000000000,0.020932360000
1495006788,214397.000000000000,0.021992500000
1495006788,214397.000000000000,0.005007500000
1495006787,214316.000000000000,0.005000000000
1495006781,214397.000000000000,0.005007500000
1495006780,214316.000000000000,0.005000000000
1495006775,214397.000000000000,0.256280000000
1495006774,214399.000000000000,0.005007500000
1495006773,214302.000000000000,0.005000000000
1495006772,214400.000000000000,0.147490180000
1495006772,214398.000000000000,0.094992500000
1495006772,214397.000000000000,1.097900000000
1495006772,214396.000000000000,0.020800000000
1495006767,214352.000000000000,0.050000000000
1495006766,214351.000000000000,0.095600000000
1495006766,214315.000000000000,0.403700000000
1495006765,214303.000000000000,1.180100000000
1495006765,214350.000000000000,0.495000000000
1495006765,214351.000000000000,0.100000000000
1495006765,214398.000000000000,0.005007500000
1495006764,214350.000000000000,0.005000000000
1495006763,214315.000000000000,0.016000000000
1495006761,214311.000000000000,0.011592500000
1495006760,214311.000000000000,0.013900000000
1495006760,214302.000000000000,0.050000000000
1495006757,214311.000000000000,0.005007500000
1495006756,214314.000000000000,0.100000000000
1495006756,214313.000000000000,0.100000000000
1495006756,214311.000000000000,0.005000000000
1495006750,214314.000000000000,0.005007500000
1495006749,214263.000000000000,0.005000000000
1495006748,214314.000000000000,0.013800000000
1495006746,214263.000000000000,0.072400000000
1495006746,214264.000000000000,0.027600000000
1495006742,214314.000000000000,0.005007500000
1495006741,214264.000000000000,0.005000000000
1495006736,214326.000000000000,0.099000000000
1495006735,214344.000000000000,0.005005000000
1495006734,214262.000000000000,0.005000000000
1495006727,214344.000000000000,0.021458620000
1495006726,214367.000000000000,0.005005000000
1495006725,214257.000000000000,0.005000000000
1495006725,214257.000000000000,0.029700000000
1495006725,214258.000000000000,0.020300000000
1495006723,214257.000000000000,0.009600000000
1495006722,214257.000000000000,0.040400000000
1495006721,214255.000000000000,0.831400000000
1495006721,214256.000000000000,0.043300000000
1495006721,214257.000000000000,0.093300000000
1495006718,214259.000000000000,0.050000000000
1495006717,214365.000000000000,0.005005000000
1495006716,214257.000000000000,0.005000000000
1495006715,214256.000000000000,0.056700000000
1495006715,214257.000000000000,0.043300000000
1495006715,214257.000000000000,0.100000000000
1495006715,214257.000000000000,0.100000000000
1495006714,214259.000000000000,0.050000000000
1495006711,214258.000000000000,0.050000000000
1495006711,214274.000000000000,0.400000000000
1495006707,214276.000000000000,0.050000000000
1495006705,214273.000000000000,0.041000000000
1495006704,214366.000000000000,0.005007500000
1495006704,214267.000000000000,0.050000000000
1495006704,214257.000000000000,0.100000000000
1495006703,214257.000000000000,0.005000000000
1495006702,214271.000000000000,0.100000000000
1495006702,214271.000000000000,0.100000000000
1495006700,214268.000000000000,0.050000000000
1495006697,214393.000000000000,0.005007500000
1495006696,214260.000000000000,0.005000000000
1495006690,214349.000000000000,0.085700000000
1495006688,214371.000000000000,0.005005000000
1495006687,214217.000000000000,0.005000000000
1495006681,214394.000000000000,0.005005000000
1495006681,214206.000000000000,0.001300000000
1495006681,214207.000000000000,0.003700000000
1495006672,214396.000000000000,0.005005000000
1495006671,214207.000000000000,0.005000000000
1495006666,214382.000000000000,1.209631670000
1495006666,214382.000000000000,0.011000000000
1495006666,214380.000000000000,1.120138330000
1495006666,214379.000000000000,1.043900000000
1495006666,214378.000000000000,0.100000000000
1495006662,214379.000000000000,0.005005000000
1495006661,214207.000000000000,0.005000000000
1495006660,214207.000000000000,0.100000000000
1495006654,214189.000000000000,1.120138330000
1495006654,214190.000000000000,0.100000000000
1495006654,214191.000000000000,0.239700000000
1495006651,214399.000000000000,0.005005000000
1495006650,214185.000000000000,0.005000000000
1495006643,214400.000000000000,0.200000000000
1495006642,214400.000000000000,0.005005000000
1495006642,214400.000000000000,0.662500000000
1495006642,214393.000000000000,0.005000000000
1495006641,214400.000000000000,1.545537680000
1495006641,214352.000000000000,0.038800000000
1495006641,214350.000000000000,0.382169820000
1495006641,214349.000000000000,1.463792500000
1495006641,214342.000000000000,0.100000000000
1495006641,214330.000000000000,0.100000000000
1495006641,214329.000000000000,0.869700000000
1495006641,214325.000000000000,2.500000000000
1495006640,214169.000000000000,1.144420000000
1495006640,214171.000000000000,2.000000000000
1495006640,214173.000000000000,0.460700000000
1495006639,214327.000000000000,0.192850000000
1495006639,214318.000000000000,0.007150000000
1495006635,214318.000000000000,0.092850000000
1495006633,214319.000000000000,0.005005000000
1495006633,214154.000000000000,0.005000000000
1495006628,214326.000000000000,0.100000000000
1495006628,214326.000000000000,0.100000000000
1495006628,214326.000000000000,0.100000000000
1495006625,214329.000000000000,0.005005000000
1495006625,214164.000000000000,0.005000000000
1495006624,214331.000000000000,0.021455320000
1495006621,214153.000000000000,0.009500000000
1495006617,214339.000000000000,0.005005000000
1495006617,214190.000000000000,0.005000000000
1495006613,214343.000000000000,0.200000000000
1495006610,214305.000000000000,0.142150000000
1495006610,214309.000000000000,0.100000000000
1495006608,214350.000000000000,0.068830180000
1495006608,214350.000000000000,1.645250630000
1495006608,214351.000000000000,0.100000000000
1495006608,214351.000000000000,0.100000000000
1495006606,214396.000000000000,0.005007500000
1495006606,214362.000000000000,0.100000000000
1495006606,214362.000000000000,0.005000000000
1495006605,214362.000000000000,0.050000000000
1495006605,214362.000000000000,0.100000000000
1495006605,214362.000000000000,0.100000000000
1495006601,214352.000000000000,0.100000000000
1495006598,214389.000000000000,0.100000000000
1495006597,214392.000000000000,0.242150000000
1495006596,214392.000000000000,0.200000000000
1495006592,214399.000000000000,0.631200000000
1495006591,214399.000000000000,0.005007500000
1495006590,214352.000000000000,0.005000000000
1495006584,214350.000000000000,1.285919190000
1495006584,214355.000000000000,1.111600000000
1495006584,214356.000000000000,2.500000000000
1495006581,214700.000000000000,0.000700420000
1495006581,214690.000000000000,0.300000000000
1495006581,214664.000000000000,0.014528580000
1495006581,214664.000000000000,0.074392500000
1495006581,214641.000000000000,0.068000000000
1495006581,214640.000000000000,1.500000000000
1495006581,214639.000000000000,1.605706000000
1495006581,214639.000000000000,0.041792500000
1495006581,214639.000000000000,0.005007500000
1495006578,214354.000000000000,0.005000000000
1495006576,214350.000000000000,2.000000000000
1495006571,214639.000000000000,0.005007500000
1495006570,214328.000000000000,0.005000000000
1495006565,214320.000000000000,0.157700000000
1495006562,214626.000000000000,0.005007500000
1495006562,214306.000000000000,0.127500000000
1495006562,214312.000000000000,0.005200000000
1495006562,214314.000000000000,0.025000000000
1495006562,214314.000000000000,0.005000000000
1495006557,214368.000000000000,0.029950300000
1495006557,214400.000000000000,0.000049700000
1495006554,214404.000000000000,0.582000000000
1495006554,214404.000000000000,0.122200000000
1495006553,214664.000000000000,0.005007500000
1495006553,214400.000000000000,0.068200000000
1495006553,214400.000000000000,0.005000000000
1495006552,214400.000000000000,0.281300000000
1495006551,214402.000000000000,0.562700000000
1495006551,214402.000000000000,0.200000000000
1495006550,214402.000000000000,0.006306000000
1495006550,214401.000000000000,0.579400000000
1495006550,214700.000000000000,0.154521170000
1495006550,214401.000000000000,0.162833870000
1495006550,214664.000000000000,0.057166130000
1495006550,214664.000000000000,0.022300000000
1495006549,214664.000000000000,0.110000000000
1495006549,214664.000000000000,0.030000000000
1495006549,214600.000000000000,0.232991610000
1495006549,214600.000000000000,2.000000000000
1495006549,214500.000000000000,0.500000000000
1495006549,214500.000000000000,0.029000000000
1495006549,214500.000000000000,0.010140390000
1495006549,214500.000000000000,0.008401870000
1495006549,214400.000000000000,0.015500000000
1495006549,214400.000000000000,19.473635650000
1495006549,214300.000000000000,1.500000000000
1495006549,214300.000000000000,18.640814650000
1495006549,214298.000000000000,0.015500000000
1495006541,214300.000000000000,8.599800000000
1495006540,214230.000000000000,0.005000000000
1495006540,214298.000000000000,0.005007500000
1495006535,214300.000000000000,2.010617970000
1495006535,214299.000000000000,0.042081590000
1495006535,214298.000000000000,0.006000000000
1495006535,214298.000000000000,0.119392500000
1495006528,214220.000000000000,0.005000000000
1495006527,214298.000000000000,0.005007500000
1495006514,214203.000000000000,0.005000000000
1495006514,214299.000000000000,0.042950910000
1495006513,214299.000000000000,0.005007500000
1495006513,214190.000000000000,0.320290000000
1495006508,214300.000000000000,2.643450000000
1495006508,214300.000000000000,1.000000000000
1495006508,214299.000000000000,0.100000000000
1495006508,214298.000000000000,0.100000000000
1495006508,214295.000000000000,1.361550000000
1495006508,214289.000000000000,0.500000000000
1495006508,214288.000000000000,0.100000000000
1495006507,214181.000000000000,0.090040000000
1495006503,214207.000000000000,0.100000000000
1495006502,214212.000000000000,0.830400000000
1495006502,214214.000000000000,0.747400000000
1495006502,214216.000000000000,0.083000000000
1495006501,214217.000000000000,0.005000000000
1495006500,214288.000000000000,0.005007500000
1495006500,214214.000000000000,0.083170000000
1495006500,214215.000000000000,0.481000000000
1495006497,214288.000000000000,0.155550640000
1495006490,214202.000000000000,0.214829030000
1495006488,214199.000000000000,0.005000000000
1495006487,214288.000000000000,0.005007500000
1495006482,214189.000000000000,0.250000000000
1495006472,214170.000000000000,2.821907940000
1495006472,214175.000000000000,0.181771030000
1495006472,214177.000000000000,0.005900000000
1495006472,214192.000000000000,0.181771030000
1495006472,214272.000000000000,0.427100000000
1495006472,214273.000000000000,0.006600000000
1495006472,214273.000000000000,1.025600000000
1495006455,214272.000000000000,0.272900000000
1495006455,214272.000000000000,0.100000000000
1495006433,214269.000000000000,0.232170000000
1495006432,214269.000000000000,0.072380000000
1495006426,214271.000000000000,0.214829030000
1495006420,214279.000000000000,0.095698320000
1495006415,214280.000000000000,0.822787100000
1495006415,214279.000000000000,1.053300000000
1495006415,214200.000000000000,1.004912900000
1495006414,214200.000000000000,0.120413230000
1495006412,214200.000000000000,0.254300000000
1495006410,214200.000000000000,0.120373870000
1495006410,214200.000000000000,0.000039360000
1495006408,214200.000000000000,0.171500000000
1495006406,214199.000000000000,0.747723450000
1495006406,214198.000000000000,0.085400000000
1495006402,214200.000000000000,0.017800000000
1495006401,214200.000000000000,0.428192650000
1495006401,214199.000000000000,0.380481730000
1495006400,214199.000000000000,1.603001480000
1495006400,214198.000000000000,0.084300000000
1495006397,214198.000000000000,0.015700000000
1495006395,214110.000000000000,0.066600000000
1495006395,214111.000000000000,0.085400000000
1495006395,214128.000000000000,0.005700000000
1495006393,214199.000000000000,0.099988620000
1495006392,214199.000000000000,0.099988620000
1495006392,214199.000000000000,0.099988620000
1495006392,214199.000000000000,0.010200000000
1495006391,214199.000000000000,0.055550930000
1495006391,214198.000000000000,0.100000000000
1495006383,214199.000000000000,0.019300000000
1495006381,214199.000000000000,0.046100000000
1495006380,214199.000000000000,0.085400000000
1495006378,214200.000000000000,0.106100000000
1495006377,214200.000000000000,0.129500000000
1495006377,214200.000000000000,2.434287990000
1495006377,214201.000000000000,1.512580000000
1495006377,214201.000000000000,0.100000000000
1495006377,214202.000000000000,0.100000000000
1495006372,214237.000000000000,0.065100000000
1495006371,214237.000000000000,0.034800000000
1495006371,214236.000000000000,0.100000000000
1495006371,214235.000000000000,0.000100000000
1495006370,214235.000000000000,0.099900000000
1495006369,214250.000000000000,0.000065860000
1495006365,214278.000000000000,0.026453350000
1495006365,214257.000000000000,0.000098320000
1495006363,214257.000000000000,0.026500000000
1495006363,214256.000000000000,0.012000000000
1495006363,214250.000000000000,0.507000000000
1495006360,214250.000000000000,0.050000000000
1495006355,214250.000000000000,0.028400000000
1495006352,214257.000000000000,0.070501680000
1495006351,214257.000000000000,0.011500000000
1495006350,214257.000000000000,0.023100000000
1495006349,214201.000000000000,0.987420000000
1495006349,214201.000000000000,0.940000000000
1495006349,214202.000000000000,0.072610000000
1495006349,214256.000000000000,0.238500000000
1495006349,214256.000000000000,0.012000000000
1495006337,214202.000000000000,0.027390000000
1495006321,214279.000000000000,0.050000000000
1495006319,214200.000000000000,1.000000000000
1495006319,214200.000000000000,0.006262070000
1495006319,214180.000000000000,0.339000000000
1495006319,214160.000000000000,1.220449940000
1495006317,214045.000000000000,0.114850860000
1495006317,214104.000000000000,0.100000000000
1495006312,214160.000000000000,0.155550060000
1495006312,214159.000000000000,0.019800000000
1495006311,214159.000000000000,0.019800000000
1495006311,214160.000000000000,0.039500000000
1495006308,214160.000000000000,0.034800000000
1495006307,214160.000000000000,0.069700000000
1495006306,214160.000000000000,0.380000000000
1495006306,214160.000000000000,0.200000000000
1495006306,214159.000000000000,0.320000000000
1495006306,214159.000000000000,0.100000000000
1495006301,214159.000000000000,0.027150860000
1495006301,214135.000000000000,0.100000000000
1495006301,214124.000000000000,0.087700000000
1495006299,214124.000000000000,0.012300000000
1495006299,214122.000000000000,0.100000000000
1495006295,214111.000000000000,0.040000000000
1495006290,214120.000000000000,0.940000000000
1495006290,214104.000000000000,0.060000000000
1495006288,214001.000000000000,0.441682950000
1495006288,214003.000000000000,1.576547050000
1495006288,214004.000000000000,0.100000000000
1495006288,214006.000000000000,0.207300000000
1495006286,214005.000000000000,0.245388440000
1495006286,214089.000000000000,0.100000000000
1495006285,214104.000000000000,0.040000000000
1495006281,214100.000000000000,0.100000000000
1495006276,214086.000000000000,0.205530000000
1495006276,214085.000000000000,0.794470000000
1495006275,214087.000000000000,0.040000000000
1495006268,214094.000000000000,0.100000000000
1495006265,214100.000000000000,1.000000000000
1495006264,214101.000000000000,0.040000000000
1495006260,214100.000000000000,0.110000000000
1495006254,214114.000000000000,0.040000000000
1495006249,214004.000000000000,1.834470000000
1495006249,214005.000000000000,0.165530000000
1495006246,214005.000000000000,0.092070000000
1495006244,214114.000000000000,0.040000000000
1495006242,214116.000000000000,0.100000000000
1495006240,214117.000000000000,0.100000000000
1495006234,214125.000000000000,0.040000000000
1495006229,214130.000000000000,0.009340120000
1495006225,214130.000000000000,0.040000000000
1495006216,214129.000000000000,0.032900000000
1495006216,214123.000000000000,0.007100000000
1495006212,214130.000000000000,0.100000000000
1495006212,214002.000000000000,0.007100000000
1495006209,214128.000000000000,0.092070000000
1495006205,214130.000000000000,0.040000000000
1495006198,214127.000000000000,0.100000000000
1495006195,214128.000000000000,0.040000000000
1495006194,214130.000000000000,0.087240000000
1495006184,214135.000000000000,0.040000000000
1495006179,214000.000000000000,0.157700000000
1495006178,214000.000000000000,0.249705390000
1495006175,214000.000000000000,0.046872290000
1495006175,214001.000000000000,0.100000000000
1495006175,214001.000000000000,0.000127710000
1495006175,214002.000000000000,0.010700000000
1495006173,214001.000000000000,0.245833430000
1495006172,214001.000000000000,0.102000000000
1495006172,214002.000000000000,0.055700000000
1495006168,214002.000000000000,0.157700000000
1495006166,214001.000000000000,0.271395970000
1495006166,214001.000000000000,0.006200000000
1495006166,214002.000000000000,0.208100000000
1495006163,214000.000000000000,0.427100000000
1495006163,214001.000000000000,0.100000000000
1495006163,214002.000000000000,0.414900000000
1495006158,214000.000000000000,0.632209570000
1495006158,214001.000000000000,0.100000000000
1495006158,214002.000000000000,0.100000000000
1495006158,214003.000000000000,0.143800000000
1495006150,214181.000000000000,0.379901820000
1495006150,214100.000000000000,0.050000000000
1495006149,214003.000000000000,0.157700000000
1495006142,214001.000000000000,0.781321040000
1495006142,214001.000000000000,2.695354680000
1495006142,214001.000000000000,0.058890000000
1495006142,214002.000000000000,0.100000000000
1495006142,214003.000000000000,0.603100000000
1495006140,214190.000000000000,0.526922080000
1495006140,214189.000000000000,1.193700000000
1495006140,214002.000000000000,0.089571720000
1495006134,214002.000000000000,0.010428280000
1495006134,214002.000000000000,0.029571720000
1495006132,214002.000000000000,0.070428280000
1495006132,214002.000000000000,0.029571720000
1495006131,214002.000000000000,0.050000000000
1495006130,214002.000000000000,0.020428280000
1495006130,214002.000000000000,0.079571720000
1495006128,214002.000000000000,0.050000000000
1495006127,214002.000000000000,0.100000000000
1495006125,214002.000000000000,0.040000000000
1495006124,214002.000000000000,0.050000000000
1495006121,214002.000000000000,0.050000000000
1495006119,214002.000000000000,0.155550640000
1495006118,214002.000000000000,0.050000000000
1495006117,214002.000000000000,0.050000000000
1495006116,214002.000000000000,0.155550640000
1495006115,214002.000000000000,0.012400000000
1495006115,214002.000000000000,0.040000000000
1495006115,214002.000000000000,0.024800000000
1495006114,214002.000000000000,0.050000000000
1495006112,214002.000000000000,0.100000000000
1495006112,214002.000000000000,0.013300000000
1495006111,214002.000000000000,0.026500000000
1495006110,214002.000000000000,0.050000000000
1495006110,214002.000000000000,0.053000000000
1495006108,214001.000000000000,0.141110000000
1495006107,214003.000000000000,0.050000000000
1495006106,214003.000000000000,0.787334280000
1495006105,214048.000000000000,0.010400000000
1495006105,214047.000000000000,0.014000000000
1495006104,214047.000000000000,0.040000000000
1495006103,214003.000000000000,0.212665720000
1495006103,214003.000000000000,0.287334280000
1495006103,214005.000000000000,1.500000000000
1495006103,214047.000000000000,0.023000000000
1495006102,214047.000000000000,0.023000000000
1495006101,214048.000000000000,0.046000000000
1495006101,214048.000000000000,0.580000000000
1495006101,214048.000000000000,0.092000000000
1495006100,214049.000000000000,0.184000000000
1495006097,214004.000000000000,0.477500000000
1495006097,214014.000000000000,0.100000000000
1495006097,214048.000000000000,0.100000000000
1495006097,214049.000000000000,0.322500000000
1495006096,214088.000000000000,1.355000000000
1495006096,214089.000000000000,0.645000000000
1495006093,214187.000000000000,0.100000000000
1495006065,214036.000000000000,0.046573000000
1495006063,214033.000000000000,0.032880000000
1495006056,214188.000000000000,0.100000000000
1495006045,214188.000000000000,0.532000000000
1495006040,214005.000000000000,0.025000000000
1495006040,214006.000000000000,0.075000000000
1495006040,214189.000000000000,0.102000000000
1495006035,214189.000000000000,0.100000000000
1495006034,214189.000000000000,0.100000000000
1495006034,214189.000000000000,0.100000000000
1495006034,214189.000000000000,0.199000000000
1495006001,214193.000000000000,0.384275640000
1495006001,214193.000000000000,0.008000000000
1495006001,214120.000000000000,0.037400000000
1495006000,214120.000000000000,0.012600000000
1495005999,214003.000000000000,0.005720000000
1495005987,214197.000000000000,0.028856000000
1495005987,214195.000000000000,0.100000000000
1495005981,214003.000000000000,0.006945720000
1495005981,214004.000000000000,0.318000000000
1495005981,214010.000000000000,1.500000000000
1495005981,214010.000000000000,0.417294280000
1495005981,214027.000000000000,0.593400000000
1495005972,214010.000000000000,0.382705720000
1495005972,214011.000000000000,0.191294280000
1495005972,214012.000000000000,0.100000000000
1495005969,214097.000000000000,0.013700000000
1495005966,214097.000000000000,0.050000000000
1495005960,214097.000000000000,0.010500000000
1495005957,214097.000000000000,0.020100000000
1495005952,214012.000000000000,0.225030000000
1495005952,214013.000000000000,0.012000000000
1495005943,214091.000000000000,0.100000000000
1495005942,214091.000000000000,0.079378160000
1495005942,214080.000000000000,1.839950580000
1495005942,214079.000000000000,0.100000000000
1495005940,214080.000000000000,0.026600000000
1495005940,214011.000000000000,0.064730000000
1495005940,214011.000000000000,0.200000000000
1495005940,214080.000000000000,0.941013460000
1495005939,214080.000000000000,0.045200000000
1495005939,214011.000000000000,0.100000000000
1495005938,214080.000000000000,0.090400000000
1495005937,214080.000000000000,0.180700000000
1495005937,214080.000000000000,0.284500000000
1495005935,214080.000000000000,1.559945960000
1495005935,214080.000000000000,0.568600000000
1495005934,214080.000000000000,1.389660000000
1495005934,214080.000000000000,1.116400000000
1495005933,214080.000000000000,0.237030000000
1495005927,214091.000000000000,0.262789680000
1495005927,214090.000000000000,0.166900000000
1495005924,214096.000000000000,0.050000000000
1495005921,214097.000000000000,0.100000000000
1495005921,214097.000000000000,0.100000000000
1495005921,214097.000000000000,0.050000000000
1495005921,214097.000000000000,0.100000000000
1495005918,214097.000000000000,0.050000000000
1495005918,214098.000000000000,0.155550890000
1495005916,214055.000000000000,0.362700000000
1495005914,214098.000000000000,0.155558260000
1495005914,214098.000000000000,0.050000000000
1495005913,214097.000000000000,0.409000000000
1495005905,214108.000000000000,0.100000000000
1495005898,214119.000000000000,0.214824770000
1495005894,214013.000000000000,0.140960000000
1495005893,214119.000000000000,0.005000000000
1495005893,214140.000000000000,0.455680000000
1495005893,214129.000000000000,0.009000000000
1495005870,214141.000000000000,0.155554280000
1495005869,214009.000000000000,0.049960000000
1495005866,214140.000000000000,0.171819700000
1495005866,214140.000000000000,0.023230000000
1495005854,214008.000000000000,0.039400000000
1495005854,214009.000000000000,0.348900000000
1495005853,214155.000000000000,0.144544580000
1495005853,214146.000000000000,0.011000000000
1495005840,214143.000000000000,0.005500000000
1495005837,214143.000000000000,0.682700000000
1495005832,214144.000000000000,0.200000000000
1495005822,214155.000000000000,1.186424800000
1495005822,214150.000000000000,1.077985200000
1495005822,214150.000000000000,0.100000000000
1495005822,214149.000000000000,0.859000000000
1495005794,214004.000000000000,0.237010000000
1495005794,214006.000000000000,0.100000000000
1495005794,214007.000000000000,0.599900000000
1495005788,214004.000000000000,0.054325100000
1495005788,214005.000000000000,0.392000000000
1495005787,214192.000000000000,0.917380000000
1495005787,214191.000000000000,0.807900000000
1495005785,214004.000000000000,0.752200510000
1495005785,214005.000000000000,0.416000000000
1495005782,214196.000000000000,0.504634800000
1495005782,214152.000000000000,0.100000000000
1495005782,214151.000000000000,0.368000000000
1495005782,214150.000000000000,0.027365200000
1495005776,214000.000000000000,1.162132860000
1495005776,214012.000000000000,0.500000000000
1495005776,214019.000000000000,0.100000000000
1495005776,214025.000000000000,2.058357140000
1495005776,214026.000000000000,0.831900000000
1495005771,214018.000000000000,0.720320000000
1495005770,214017.000000000000,0.441642860000
1495005770,214101.000000000000,0.005200000000
1495005770,214101.000000000000,0.001450000000
1495005759,214101.000000000000,0.048550000000
1495005752,214101.000000000000,0.050000000000
1495005750,214100.000000000000,0.095750000000
1495005750,214150.000000000000,4.000000000000
1495005748,214100.000000000000,0.100000000000
1495005747,214101.000000000000,0.100000000000
1495005744,214150.000000000000,0.158808000000
1495005744,214149.000000000000,0.037000000000
1495005744,214149.000000000000,0.252484860000
1495005738,214100.000000000000,0.050000000000
1495005736,214100.000000000000,0.157700000000
1495005733,214100.000000000000,0.099000000000
1495005733,214100.000000000000,0.027730000000
1495005732,214149.000000000000,0.043005140000
1495005722,214149.000000000000,0.204510000000
1495005722,214149.000000000000,0.100000000000
1495005722,214149.000000000000,0.100000000000
1495005722,214149.000000000000,0.100000000000
1495005722,214148.000000000000,0.100000000000
1495005722,214101.000000000000,0.023900000000
1495005720,214100.000000000000,0.050000000000
1495005720,214100.000000000000,0.015600000000
1495005719,214100.000000000000,0.022000000000
1495005719,214100.000000000000,0.031300000000
1495005718,214100.000000000000,0.062600000000
1495005717,214100.000000000000,0.173000000000
1495005717,214100.000000000000,0.072230000000
1495005715,214031.000000000000,0.071748330000
1495005715,214100.000000000000,0.134770000000
1495005700,214100.000000000000,0.032942610000
1495005700,214052.000000000000,0.067107380000
1495005697,214003.000000000000,0.450000000000
1495005695,214000.000000000000,0.160240930000
1495005695,214007.000000000000,0.050000000000
1495005695,214007.000000000000,0.100000000000
1495005695,214012.000000000000,0.100000000000
1495005695,214100.000000000000,1.918419070000
1495005694,214100.000000000000,0.016400000000
1495005694,214100.000000000000,0.032400000000
1495005693,214101.000000000000,0.050000000000
1495005691,214101.000000000000,0.050000000000
1495005691,214100.000000000000,0.032700000000
1495005690,214100.000000000000,0.065500000000
1495005689,214123.000000000000,0.100049990000
1495005688,214150.000000000000,19.060000000000
1495005688,214149.000000000000,2.390000000000
1495005688,214147.000000000000,0.200000000000
1495005688,214145.000000000000,1.350000000000
1495005686,214100.000000000000,0.081000000000
1495005686,214101.000000000000,0.050000000000
1495005685,214101.000000000000,0.050000000000
1495005681,214100.000000000000,0.261900000000
1495005679,214100.000000000000,0.250020000000
1495005679,214100.000000000000,2.000000000000
1495005679,214100.000000000000,0.024556730000
1495005679,214100.000000000000,1.070934700000
1495005679,214099.000000000000,0.058059490000
1495005679,214097.000000000000,1.155026800000
1495005679,214096.000000000000,0.485731280000
1495005679,214095.000000000000,0.100000000000
1495005679,214095.000000000000,0.368289990000
1495005679,214094.000000000000,0.100000000000
1495005677,214044.000000000000,0.009719720000
1495005665,214044.000000000000,0.095149990000
1495005664,214093.000000000000,0.115520000000
1495005664,214077.000000000000,0.050000000000
1495005661,214024.000000000000,0.050000000000
1495005660,214004.000000000000,0.157700000000
1495005657,214024.000000000000,0.103400000000
1495005657,214077.000000000000,0.054300000000
1495005657,214077.000000000000,0.328200000000
1495005656,214077.000000000000,0.656500000000
1495005654,214077.000000000000,1.200000000000
1495005654,214077.000000000000,0.050000000000
1495005653,214041.000000000000,0.011000000000
1495005653,214004.000000000000,0.004900000000
1495005653,214001.000000000000,0.000049990000
1495005653,214002.000000000000,0.100000000000
1495005653,214004.000000000000,0.011000000000
1495005652,214004.000000000000,0.034100000000
1495005651,214001.000000000000,0.094000000000
1495005648,214001.000000000000,0.100000000000
1495005648,214001.000000000000,0.100000000000
1495005648,214001.000000000000,0.074240000000
1495005648,214004.000000000000,0.005100000000
1495005648,214004.000000000000,0.020660000000
1495005647,214004.000000000000,0.050000000000
1495005646,214077.000000000000,0.010000000000
1495005644,214004.000000000000,0.426540000000
1495005643,214004.000000000000,0.050000000000
1495005643,214050.000000000000,0.043753410000
1495005642,214004.000000000000,0.400000000000
1495005642,214005.000000000000,0.100000000000
1495005641,214077.000000000000,0.100049990000
1495005640,214004.000000000000,0.050000000000
1495005638,214005.000000000000,0.035900000000
1495005637,214004.000000000000,0.100000000000
1495005637,214005.000000000000,0.014000000000
1495005636,214004.000000000000,0.100000000000
1495005636,214004.000000000000,0.100000000000
1495005636,214004.000000000000,0.027400000000
1495005636,214005.000000000000,0.022600000000
1495005635,214004.000000000000,1.023400000000
1495005635,214078.000000000000,0.022600000000
1495005634,214078.000000000000,0.045300000000
1495005633,214005.000000000000,0.005691550000
1495005633,214005.000000000000,0.050000000000
1495005632,214005.000000000000,0.050000000000
1495005631,214096.000000000000,0.251100000000
1495005631,214005.000000000000,0.010000000000
1495005630,214078.000000000000,0.200000000000
1495005630,214049.000000000000,0.100049990000
1495005629,214004.000000000000,0.050000000000
1495005629,214004.000000000000,0.102000000000
1495005629,214004.000000000000,0.112380000000
1495005628,214002.000000000000,0.157700000000
1495005626,214096.000000000000,0.600540150000
1495005626,214095.000000000000,0.308659850000
1495005626,214076.000000000000,0.249700000000
1495005625,214018.000000000000,0.030000000000
1495005625,214000.000000000000,0.577400000000
1495005624,214000.000000000000,0.010000000000
1495005624,214000.000000000000,1.923854650000
1495005624,213950.000000000000,0.050000000000
1495005624,213935.000000000000,0.200000000000
1495005624,213926.000000000000,0.100000000000
1495005624,213900.000000000000,0.470000000000
1495005624,213899.000000000000,0.580500000000
1495005624,213898.000000000000,0.839950010000
1495005623,213900.000000000000,0.030000000000
1495005623,213900.000000000000,0.010000000000
1495005618,213819.000000000000,0.100049990000
1495005613,213925.000000000000,0.040000000000
1495005607,213822.000000000000,0.100000000000
1495005606,213933.000000000000,0.100049990000
1495005605,213932.000000000000,0.040000000000
1495005603,213708.000000000000,0.940000000000
1495005597,213932.000000000000,0.025320000000
1495005597,213929.000000000000,0.100000000000
1495005597,213927.000000000000,0.100000000000
1495005597,213900.000000000000,1.000000000000
1495005597,213894.000000000000,2.344000000000
1495005597,213893.000000000000,1.040900000000
1495005597,213886.000000000000,0.100000000000
1495005594,213800.000000000000,0.100049990000
1495005593,213883.000000000000,0.100000000000
1495005582,213809.000000000000,0.100049990000
1495005579,213898.000000000000,0.100000000000
1495005578,213899.000000000000,0.100000000000
1495005570,213814.000000000000,0.100049990000
1495005558,213928.000000000000,0.056000000000
1495005558,213814.000000000000,0.100049990000
1495005556,213701.000000000000,0.092960000000
1495005550,213700.000000000000,0.221417870000
1495005550,213700.000000000000,0.010000000000
1495005550,213701.000000000000,0.306722130000
1495005550,213702.000000000000,0.393400000000
1495005550,213816.000000000000,0.100000000000
1495005546,213927.000000000000,0.100049990000
1495005541,213931.000000000000,0.100000000000
1495005540,213703.000000000000,0.009831660000
1495005535,213862.000000000000,0.100000000000
1495005534,213702.000000000000,0.233390000000
1495005534,213935.000000000000,0.100049990000
1495005530,213701.000000000000,0.693277870000
1495005530,213703.000000000000,0.100000000000
1495005530,213722.000000000000,0.100000000000
1495005530,213763.000000000000,0.100000000000
1495005530,213765.000000000000,0.100000000000
1495005530,213766.000000000000,2.500000000000
1495005530,213833.000000000000,0.036522130000
1495005530,213835.000000000000,0.050000000000
1495005530,213836.000000000000,0.320200000000
1495005525,213941.000000000000,0.155463160000
1495005525,213889.000000000000,0.000049990000
1495005522,213889.000000000000,0.100000000000
1495005522,213941.000000000000,0.100049990000
1495005510,213896.000000000000,0.100049990000
1495005509,213942.000000000000,0.603300000000
1495005508,213942.000000000000,1.038700000000
1495005508,213941.000000000000,0.120000000000
1495005497,213889.000000000000,0.090049990000
1495005492,214000.000000000000,0.028860000000
1495005492,213955.000000000000,4.130000000000
1495005492,213954.000000000000,0.795100000000
1495005492,213953.000000000000,2.446740000000
1495005492,213952.000000000000,0.779300000000
1495005488,213833.000000000000,0.004220110000
1495005488,213834.000000000000,0.038800000000
1495005487,213834.000000000000,0.007600000000
1495005486,213834.000000000000,0.015000000000
1495005485,213893.000000000000,0.100049990000
1495005484,213949.000000000000,0.007500000000
1495005473,213900.000000000000,0.100049990000
1495005463,213964.000000000000,0.733200000000
1495005463,213833.000000000000,0.099180000000
1495005463,213834.000000000000,0.046500000000
1495005461,213935.000000000000,0.100049990000
1495005459,213869.000000000000,0.020880000000
1495005459,213870.000000000000,0.077000000000
1495005448,213919.000000000000,0.100049990000
1495005444,213967.000000000000,0.100000000000
1495005439,213969.000000000000,0.042995070000
1495005438,213959.000000000000,0.021497830000
1495005437,213970.000000000000,0.005600000000
1495005436,213923.000000000000,0.100049990000
1495005434,213961.000000000000,0.023400000000
1495005432,213970.000000000000,0.815100000000
1495005432,213962.000000000000,0.799800000000
1495005430,213961.000000000000,0.100000000000
1495005430,213962.000000000000,0.370100000000
1495005425,213970.000000000000,0.100000000000
1495005425,213970.000000000000,0.100000000000
1495005425,213970.000000000000,0.100000000000
1495005424,213923.000000000000,0.100049990000
1495005420,213975.000000000000,0.610000000000
1495005416,213871.000000000000,0.799800000000
1495005416,213894.000000000000,0.100200000000
1495005416,213989.000000000000,0.100000000000
1495005416,213992.000000000000,0.568000000000
1495005413,213990.000000000000,0.100000000000
1495005412,213991.000000000000,0.100000000000
1495005412,213991.000000000000,0.099950010000
1495005412,213935.000000000000,0.000049990000
1495005412,213935.000000000000,0.100000000000
1495005412,213992.000000000000,0.100049990000
1495005409,213999.000000000000,0.043020110000
1495005399,213951.000000000000,0.100049990000
1495005395,214095.000000000000,0.343187600000
1495005395,214090.000000000000,1.000000000000
1495005395,214090.000000000000,0.500000000000
1495005395,214050.000000000000,0.302652400000
1495005395,214048.000000000000,1.340000000000
1495005395,214037.000000000000,2.300000000000
1495005395,214036.000000000000,1.186180000000
1495005393,214036.000000000000,0.013820000000
1495005389,213864.000000000000,0.328227680000
1495005387,213833.000000000000,0.099999900000
1495005387,213864.000000000000,0.012700000000
1495005386,213864.000000000000,0.025400000000
1495005385,213833.000000000000,0.046540000000
1495005384,213864.000000000000,0.012000000000
1495005384,213864.000000000000,1.110200000000
1495005383,213864.000000000000,0.500000000000
1495005381,213864.000000000000,0.015400000000
1495005379,213833.000000000000,0.057700000000
1495005379,213834.000000000000,0.100000000000
1495005379,213864.000000000000,0.025300000000
1495005378,213864.000000000000,0.050600000000
1495005377,213864.000000000000,0.081100000000
1495005377,213863.000000000000,0.020000000000
1495005376,213864.000000000000,0.211600000000
1495005376,213864.000000000000,0.100049990000
1495005375,213864.000000000000,0.423300000000
1495005374,213864.000000000000,0.670400000000
1495005372,214049.000000000000,0.412400000000
1495005372,214022.000000000000,0.030000000000
1495005370,214050.000000000000,2.197347600000
1495005370,214017.000000000000,0.392700000000
1495005370,214000.000000000000,0.050000000000
1495005370,214000.000000000000,0.242240490000
1495005370,213900.000000000000,0.100000000000
1495005370,213898.000000000000,0.100000000000
1495005370,213896.000000000000,0.100000000000
1495005370,213869.000000000000,0.049700000000
1495005370,213866.000000000000,0.182091910000
1495005370,213865.000000000000,1.200000000000
1495005370,213864.000000000000,0.036000000000
1495005364,213849.000000000000,0.100049990000
1495005356,213864.000000000000,0.064000000000
1495005356,213834.000000000000,0.056000000000
1495005341,213849.000000000000,0.100049990000
1495005341,213834.000000000000,0.050000000000
1495005341,213833.000000000000,0.100000000000
1495005341,213833.000000000000,0.043600000000
1495005341,213834.000000000000,0.056400000000
1495005341,213834.000000000000,0.043600000000
1495005341,213835.000000000000,0.056400000000
1495005339,213865.000000000000,0.155550700000
1495005338,213833.000000000000,0.050000000000
1495005333,213865.000000000000,0.115528210000
1495005333,213863.000000000000,0.040000000000
1495005332,213833.000000000000,0.054337860000
1495005329,213759.000000000000,0.100049990000
1495005329,213833.000000000000,0.155543730000
1495005328,213833.000000000000,0.035618410000
1495005328,213830.000000000000,0.000081590000
1495005327,213830.000000000000,0.066500000000
1495005325,213830.000000000000,0.155545910000
1495005324,213833.000000000000,0.121800000000
1495005323,213833.000000000000,0.243700000000
1495005322,213834.000000000000,0.100000000000
1495005321,213651.000000000000,0.046400000000
1495005321,213652.000000000000,0.533600000000
1495005320,213834.000000000000,0.135543190000
1495005320,213832.000000000000,0.020000000000
1495005320,213834.000000000000,0.805000000000
1495005320,213832.000000000000,0.190000000000
1495005320,213833.000000000000,0.020000000000
1495005320,213833.000000000000,0.100000000000
1495005320,213833.000000000000,0.258800000000
1495005317,213777.000000000000,0.100049990000
1495005317,213735.000000000000,0.005019030000
1495005315,213832.000000000000,0.144650080000
1495005315,213823.000000000000,0.010900000000
1495005309,213832.000000000000,0.095751850000
1495005309,213830.000000000000,0.020000000000
1495005309,213821.000000000000,0.039800000000
1495005305,213651.000000000000,0.100049990000
1495005304,213833.000000000000,0.105718140000
1495005304,213832.000000000000,0.049800000000
1495005299,213868.000000000000,0.129495620000
1495005299,213842.000000000000,0.026000000000
1495005292,213789.000000000000,0.000049990000
1495005292,213723.000000000000,0.100000000000
1495005292,213722.000000000000,0.100000000000
1495005291,213721.000000000000,0.100000000000
1495005286,213735.000000000000,0.011300000000
1495005280,213651.000000000000,0.100049990000
1495005277,213651.000000000000,0.047000010000
1495005277,213666.000000000000,0.000049990000
1495005264,213842.000000000000,0.000049990000
1495005251,213758.000000000000,0.100000000000
1495005251,213684.000000000000,0.100049990000
1495005242,213666.000000000000,0.099950010000
1495005242,213765.000000000000,0.000049990000
1495005239,213765.000000000000,0.100000000000
1495005239,213664.000000000000,0.100049990000
1495005237,213660.000000000000,0.157700000000
1495005234,213656.000000000000,0.157700000000
1495005230,213652.000000000000,0.157700000000
1495005229,213651.000000000000,0.041900000000
1495005229,213651.000000000000,0.041900000000
1495005227,213650.000000000000,0.083900000000
1495005226,213899.000000000000,2.325000000000
1495005226,213600.000000000000,0.059200000000
1495005226,213600.000000000000,0.157700000000
1495005224,213600.000000000000,0.226900000000
1495005223,213600.000000000000,0.453900000000
1495005223,213600.000000000000,0.157700000000
1495005222,213600.000000000000,0.035600000000
1495005222,213601.000000000000,1.000000000000
1495005222,213602.000000000000,0.100000000000
1495005222,213610.000000000000,0.244849560000
1495005221,213610.000000000000,0.756526360000
1495005221,213611.000000000000,0.100000000000
1495005221,213611.000000000000,0.126473640000
1495005221,213612.000000000000,0.017000000000
1495005221,213744.000000000000,0.094649990000
1495005221,213744.000000000000,0.005400000000
1495005220,213611.000000000000,0.019249990000
1495005220,213612.000000000000,0.080800000000
1495005219,213611.000000000000,0.110800000000
1495005219,213612.000000000000,0.046900000000
1495005215,213611.000000000000,0.065200000000
1495005215,213644.000000000000,0.045600000000
1495005215,213645.000000000000,0.046900000000
1495005211,213611.000000000000,0.040300000000
1495005211,213612.000000000000,0.117400000000
1495005209,213961.000000000000,0.100049990000
1495005199,213602.000000000000,1.508866380000
1495005199,213603.000000000000,0.050300000000
1495005197,213981.000000000000,0.391250000000
1495005197,213932.000000000000,0.030000000000
1495005197,213886.000000000000,0.034000000000
1495005197,213858.000000000000,0.045600000000
1495005197,213744.000000000000,0.100049990000
1495005185,213744.000000000000,0.100049990000
1495005183,213601.000000000000,0.157700000000
1495005180,213601.000000000000,0.471409990000
1495005180,213601.000000000000,0.188390010000
1495005172,213800.000000000000,0.100049990000
1495005170,213985.000000000000,0.139510000000
1495005168,213551.000000000000,0.127700000000
1495005168,213604.000000000000,0.030000000000
1495005160,213551.000000000000,0.070049990000
1495005160,213576.000000000000,0.030000000000
1495005160,213551.000000000000,0.127700000000
1495005160,213566.000000000000,0.030000000000
1495005156,213999.000000000000,0.165523820000
1495005156,213998.000000000000,0.040000000000
1495005156,213800.000000000000,0.009950010000
1495005155,213551.000000000000,0.144600000000
1495005151,213550.000000000000,0.057700000000
